1434 2402
150 182 224 219 100
666 173 813 212 LIVII

149 291 250 314 nunc
279 277 332 312 cis
361 274 554 310 Hiberum
584 276 708 307 castra
736 270 911 305 Romana
937 279 1027 313 esse,
1053 278 1177 302 arcem
1203 267 1330 301 tutam

148 341 439 389 perfugiumque
469 349 590 372 novas
614 334 832 371 volentibus
859 345 918 369 res
937 346 946 379 3
976 331 1117 380 itaque,
1139 341 1234 379 quos
1257 340 1329 365 me-

146 410 209 441 tus
235 416 311 440 non
340 405 483 446 teneat,
511 399 696 436 beneficio
725 403 764 434 et
792 397 916 447 gratia
944 394 1215 432 devinciendos
1238 405 1328 431 esse.

102 485 129 500 12
146 467 311 504 Miranti
340 465 494 502 Bostari
520 463 849 513 percontantique,
881 460 1075 510 quodnam
1095 459 1135 495 id
1158 458 1329 495 subitum

101 549 129 572 13
147 536 262 568 tantae
291 530 345 566 rei
374 530 517 565 donum
546 531 674 577 posset
702 539 794 570 esse,
828 529 848 546 ‘⁴
863 524 1026 561 Obsides
1038 523 1057 538 '’
1086 523 1217 571 inquit
1255 521 1330 558 “in

145 595 322 632 civitates
351 593 514 630 remitte.
576 592 621 628 Id
648 597 687 627 et
706 590 889 639 privatim
910 587 1145 638 parentibus,
1166 599 1331 636 quorum

145 659 359 695 maximum
389 660 627 693 momentum
656 655 695 690 in
726 653 950 690 civitatibus
979 656 1038 688 est
1065 652 1155 697 suis,
1181 655 1220 687 et
1239 651 1330 701 pub-

100 743 127 764 14
145 724 215 760 lice
241 722 391 772 populis
420 726 573 770 gratum
606 719 690 756 erit.
750 718 851 754 Vult
876 717 951 753 sibi
976 716 1138 765 quisque
1157 715 1271 762 credi,
1292 719 1332 751 et

144 788 278 824 habita
309 786 402 822 fides
435 785 556 834 ipsam
585 784 811 832 plerumque
839 781 984 830 obligat
1011 781 1134 816 fidem.
1196 778 1330 815 Minis-

92 844 111 913 ἶ
144 852 285 888 terium
320 849 647 886 restituendorum
679 848 809 883 domos
847 845 1023 882 obsidum
1061 844 1239 881 mihimet
1271 844 1332 881 de-

106 915 115 969 }
144 928 255 964 posco
284 915 374 963 ipse,
403 919 448 949 ut
477 926 592 962 opera
620 924 771 960 quoque
797 911 970 959 impensa
997 909 1201 946 consilium
1225 908 1330 945 adiu-

145 993 228 1017 vem
256 991 384 1015 meum
413 982 452 1014 et
480 977 534 1013 rei
564 980 699 1025 suapte
729 980 867 1011 natura
895 979 1023 1024 gratae,
1053 977 1239 1023 quantam
1274 974 1329 1009 in·

906 1039 1071 1075 Homini
1096 1051 1173 1075 non
1196 1038 1242 1075 ad
1273 1050 1329 1074 ce-

830 1039 849 1054 Π

99 1063 126 1086 15
144 1057 258 1093 super
277 1043 442 1092 gratiam
462 1041 613 1090 possim,
636 1040 822 1077 adiiciam.

144 1113 226 1145 tera
255 1108 401 1143 Punica
429 1106 584 1154 ingenia
612 1105 750 1141 callido
781 1109 826 1140 ut
858 1103 1058 1152 persuasit,
1091 1106 1202 1139 nocte
1232 1102 1328 1139 elam

145 1182 363 1219 progressus
392 1169 439 1204 nd
465 1168 635 1204 hostium
660 1167 856 1212 stationes,
874 1165 1075 1202 conventis
1100 1165 1328 1214 quibusdam

144 1234 398 1270 auxiliaribus
429 1232 618 1280 Hispanis
641 1235 680 1267 et
705 1231 753 1267 ab
779 1230 839 1266 his
863 1230 910 1266 ad
932 1229 1150 1278 Scipionem
1171 1230 1330 1278 perduc-

98 1313 127 1337 16
143 1303 217 1344 tus,
248 1297 341 1347 quid
359 1296 515 1333 afferret
532 1296 732 1344 expromit,
761 1301 800 1332 et
828 1295 902 1331 fide
928 1299 1083 1344 accepta
1102 1295 1268 1344 dataque
1288 1308 1330 1331 ae

143 1362 224 1398 loco
250 1366 289 1397 et
317 1366 487 1408 tempore
519 1360 730 1395 constituto
759 1359 805 1394 ad
835 1358 984 1394 obsides
1015 1358 1231 1405 tradendos,
1265 1357 1329 1395 Sa-

142 1428 306 1474 gimtum
346 1423 455 1459 redit.
533 1423 646 1458 Diem
686 1423 953 1471 insequentem
992 1422 1205 1470 absumpsit
1243 1434 1328 1458 cum

99 1502 124 1524 ¹7
144 1489 304 1525 Bostare
333 1487 525 1523 mandatis
554 1488 601 1523 ad
630 1500 711 1523 rem
745 1486 929 1535 agendam
962 1485 1202 1534 accipiendis.
1267 1485 1330 1521 Di-

145 1551 291 1596 missus,
324 1562 443 1598 quum
473 1561 512 1585 se
541 1553 652 1585 nocte
681 1548 842 1591 iturum,
869 1552 914 1584 ut
940 1547 1132 1584 custodias
1159 1547 1327 1584 hostium

142 1613 303 1657 falleret,
337 1611 610 1657 constituisset,
650 1611 698 1647 ad
727 1611 976 1660 compositam
1006 1623 1092 1647 cum
1119 1610 1167 1647 iis
1196 1610 1327 1647 horam

142 1676 319 1713 excitatis
339 1675 561 1712 custodibus
580 1688 785 1724 puerorum
806 1675 1008 1724 profectus,
1030 1675 1154 1712 veluti
1174 1675 1330 1724 ignarus

94 1751 124 1776 18
142 1741 183 1777 in
218 1744 446 1788 praeparatas
479 1752 548 1775 sua
587 1740 723 1776 fraude
752 1739 914 1776 insidias
948 1739 1063 1777 ducit.
1123 1740 1173 1776 In
1205 1745 1331 1776 castra

142 1804 319 1841 Romana
347 1803 546 1852 perduetig
576 1809 702 1840 cetera
729 1804 859 1840 omnia
887 1804 934 1840 de
960 1803 1164 1840 reddendis
1189 1803 1329 1840 obsidi-

143 1868 223 1912 bus,
259 1866 360 1903 sicut
393 1879 480 1903 cum
520 1867 682 1903 Bostare
719 1867 973 1903 constitutum
1012 1871 1105 1912 erat,
1145 1871 1231 1903 acta
1261 1879 1327 1916 pei·

142 1931 311 1968 eundum
350 1930 536 1977 ordinem,
572 1943 647 1979 quo
686 1931 718 1967 si
757 1930 1136 1979 Carthaginiensium
1173 1930 1329 1967 nomine

92 2010 123 2034 ¹9
142 1995 194 2032 sic
232 1999 421 2043 ageretur.
498 1994 627 2030 Maior
664 1994 863 2043 aliquanto
903 1995 1168 2031 Romanorum
1204 1995 1329 2044 gratia

48 2076 115 2090 ⁸-
140 2058 217 2094 fuit
235 2058 277 2094 in
295 2071 337 2094 re
361 2058 457 2107 pari,
479 2070 593 2106 quam
620 2062 766 2106 quanta
788 2057 922 2093 futura
949 2057 1326 2106 Carthaginiensium

141 2122 274 2158 fuerat.
341 2121 434 2158 Illos
464 2121 568 2158 enim
599 2134 734 2170 graves
765 2122 1020 2170 superbosque
1050 2121 1090 2157 in
1124 2121 1238 2158 rebus
1274 2133 1328 2157 se-

139 2185 274 2221 cundis
302 2189 479 2234 expertos
502 2185 658 2221 fortuna
686 2189 725 2222 et
752 2185 869 2221 timor
896 2186 1092 2234 mitigasse
1118 2186 1242 2222 videri
1264 2199 1324 2235 po-

85 2265 119 2282 20
138 2255 263 2296 terat,
295 2250 493 2286 Romanus
522 2250 646 2299 primo
673 2250 855 2297 adventu,
891 2251 1112 2299 incognitus
1144 2254 1245 2297 ante,
1278 2251 1328 2288 ab
