1434 2402
176 151 226 188 90
694 146 839 184 LIVII

143 270 156 293 7
175 263 217 287 ac
248 250 472 285 Maurorum
505 248 577 283 iam
610 246 749 283 factam
782 246 1009 281 videamus?
1069 244 1145 288 Qui
1165 245 1278 281 modo
1298 244 1359 282 Sa-

175 318 336 361 guntum
364 311 576 361 oppugnari
605 310 842 359 indignando
875 322 954 345 non
987 309 1162 345 homines
1193 312 1359 353 tantum,

174 378 237 414 sed
266 377 406 413 foedera
433 381 474 412 et
501 377 591 412 deos
620 375 824 419 ciebamus,
851 374 1099 410 scandentem
1125 373 1268 410 moenia
1287 373 1361 410 Ro-

142 455 156 478 13
175 455 293 478 mame
320 441 475 478 coloniae
501 439 767 477 Hannibalem
793 439 891 475 lenti
924 443 1154 487 spectamus.
1213 437 1362 474 Fumus

173 519 221 542 ex
249 505 436 542 incendiis
459 504 641 540 villarum
669 514 926 551 agrorumque
950 501 993 537 in
1011 500 1142 537 oculos
1160 503 1278 549 atque
1295 512 1364 537 ora

176 570 280 607 venit
295 583 305 617 ς
329 573 508 619 strepunt
522 581 633 605 aures
653 567 884 604 clamoribus
903 565 1140 615 plorantium
1160 565 1360 612 sociorum,

173 634 309 683 saepius
328 638 501 670 nostram
522 645 637 682 quam
659 632 818 668 deorum
837 630 1106 667 invocantium
1124 642 1235 680 opem
1251 642 1262 677 5
1292 641 1362 666 nos

174 699 234 735 hic
257 711 435 747 pecorum
466 698 577 733 modo
607 710 673 746 per
696 696 848 732 aestivos
871 695 992 731 saltus
1021 694 1228 743 deviasque
1247 694 1362 731 calles

139 783 154 807 9
172 763 384 800 exercitum
404 763 590 807 ducimus,
613 761 759 798 conditi
780 760 950 796 nubibus
970 759 1164 808 silvisque.
1222 758 1265 795 Si
1290 758 1363 796 1100

172 828 283 864 1110ᾶο
314 827 551 877 peragrando
584 826 782 862 cacumina
812 825 1010 873 saltusque
1044 824 1100 860 M.
1136 823 1278 860 Furius
1308 836 1362 860 re-

171 892 295 941 cipere
320 904 344 928 a
370 891 493 928 Gallis
521 892 655 927 urbem
676 890 874 935 voluisset,
897 901 974 938 quo
995 888 1057 925 hic
1076 901 1201 925 novus
1221 887 1361 924 Camil-

173 957 241 1002 lus,
272 956 380 992 nobis
409 956 575 992 dictator
606 955 741 991 unicus
770 954 811 990 in
841 954 955 990 rebus
983 952 1129 989 affectis
1162 953 1359 1002 quaesitus,

125 1041 153 1056 ιο
174 1021 327 1057 Italiam
375 1020 422 1057 ab
471 1019 697 1056 Hannibale
739 1030 963 1068 recuperare
996 1021 1119 1067 parat,
1161 1018 1360 1055 Gallorum

172 1086 296 1122 Roma
325 1089 433 1130 osset,
465 1097 581 1133 quam
611 1097 745 1120 vereor
772 1096 832 1129 ne,
859 1083 913 1120 sic
939 1083 1212 1119 cunctantibus
1235 1082 1359 1129 nobis,

172 1149 387 1186 Hannibali
411 1162 454 1185 ac
484 1148 614 1185 Poenis
642 1148 756 1184 toties
779 1148 1021 1184 servaverint
1041 1147 1204 1184 maiores
1224 1147 1356 1185 nostri.

126 1235 150 1251 ιι
171 1214 245 1250 Sed
275 1214 336 1249 vii·
363 1226 406 1249 ac
433 1226 524 1250 vere
551 1213 762 1259 Romanus,
798 1225 874 1261 quo
912 1212 973 1248 die
1007 1212 1233 1248 dictatorem
1271 1225 1359 1249 eum

170 1292 218 1315 ex
242 1278 473 1315 auctoritate
505 1283 662 1327 patrum
695 1278 878 1326 iussuque
904 1278 1039 1326 populi
1062 1277 1209 1314 dictum
1239 1277 1360 1315 Veios

169 1344 329 1380 allatum
362 1347 431 1388 est,
465 1356 586 1392 quum
623 1347 722 1380 esset
752 1344 844 1380 satis
870 1343 995 1380 altum
1027 1342 1259 1388 Ianiculum,
1292 1342 1360 1379 ubi

168 1406 302 1442 sedens
318 1410 578 1455 prospectaret
598 1407 759 1452 hostem,
785 1406 983 1443 descendit
1002 1406 1044 1443 in
1067 1419 1221 1455 aequum
1242 1410 1360 1456 atque

168 1470 234 1506 1110
264 1470 346 1519 ipso
379 1471 441 1507 die
470 1471 596 1508 media
621 1471 663 1507 111
688 1472 793 1519 urbe,
822 1484 898 1520 qua
927 1484 1033 1507 nunc
1063 1471 1180 1508 busta
1209 1470 1360 1508 Gallica

167 1539 269 1580 sunt,
304 1541 343 1572 et
382 1540 532 1584 postero
570 1535 632 1572 die
669 1536 767 1572 citra
804 1535 946 1572 Gabios
984 1535 1122 1572 cecidit
1156 1535 1356 1572 Gallorum

121 1620 149 1635 η
167 1598 342 1648 legiones.
403 1599 531 1644 Quid?
555 1605 642 1649 post
661 1601 804 1637 multos
824 1613 944 1636 annos
963 1612 1086 1649 quum
1103 1600 1152 1636 ad
1171 1600 1358 1637 Furculas

168 1663 363 1700 Caudinas
391 1665 439 1700 ab
474 1664 647 1701 Samnite
675 1665 785 1701 hoste
815 1665 886 1702 sub
914 1665 1048 1714 iugum
1077 1665 1185 1702 missi
1212 1677 1355 1712 sumuS,

167 1733 299 1764 utrum
328 1729 482 1765 tandem
516 1730 556 1766 L.
594 1729 773 1778 Papirius
808 1729 951 1767 Cursor
978 1729 1070 1779 iuga
1098 1729 1249 1767 Samnii
1275 1743 1357 1780 per-

165 1792 366 1829 lustrando
402 1805 451 1829 an
500 1793 702 1830 Luceriam
739 1795 947 1843 premendo
985 1794 1272 1844 obsidendoque
1317 1801 1358 1832 et

166 1856 383 1894 lacessendo
422 1858 606 1895 victorem
649 1859 797 1897 hostem
841 1860 1044 1909 depulsum
1082 1861 1130 1897 ab
1168 1860 1356 1898 Romanis

116 1937 144 1960 13
165 1921 377 1958 cervicibus
405 1923 538 1971 iugum
568 1924 732 1972 superbo
766 1924 932 1961 Samniti
970 1924 1182 1974 imposuit'l
1236 1925 1356 1962 Modo

165 1985 205 2023 O.
229 1985 389 2023 Lutatio
409 2000 492 2036 quae
512 1988 588 2024 alia
607 2001 667 2025 res
687 2002 801 2038 quam
823 1990 1000 2026 celeritas
1015 1989 1220 2027 victoriam
1234 1989 1351 2037 dedit,

163 2051 266 2099 quod
285 2055 437 2100 postero
463 2051 534 2098 die,
567 2065 683 2101 quam
709 2054 860 2090 hostem
884 2054 995 2100 vidit,
1017 2054 1179 2091 classem
1197 2066 1352 2103 gravem

162 2116 448 2163 commeatibus,
483 2117 710 2165 impeditam
740 2123 892 2155 suomet
927 2119 1052 2168 ipsam
1091 2118 1354 2156 instrumento

113 2201 140 2223 η
161 2185 277 2229 atque
305 2185 503 2229 apparatu,
535 2183 752 2231 oppressit‘l
810 2183 989 2220 Stultitia
1013 2188 1072 2220 est
1095 2183 1262 2221 sedendo
1284 2187 1355 2220 aut

161 2244 261 2279 votis
294 2245 476 2281 debellari
511 2247 664 2283 eredere
698 2260 818 2296 posse.
884 2249 1009 2284 Arma
1041 2248 1170 2298 capias
1198 2251 1352 2298 oportet
