1455 2454
109 173 158 209 22
629 171 782 221 ΜΠ]

109 270 392 319 exspectatione
420 270 514 307 belli
532 273 697 307 erectam
717 269 962 317 invenerunt,
985 269 1078 306 satis
1097 272 1297 306 constante

109 334 220 380 fama,
242 334 319 370 iam
339 334 534 371 Hiberum
555 333 694 370 Poenos
714 333 1017 381 transmisisse.)

41 395 91 433 21
189 397 392 434 Hannibal
426 397 598 446 Sagunto
631 401 743 446 capto
777 396 1051 445 Carthaginem
1079 396 1233 433 Novam
1256 396 1298 432 in

108 460 270 497 hiberna
289 466 536 507 concesserat,
557 461 689 510 ibique
709 461 864 507 auditis,
879 474 963 510 quae
982 460 1116 497 Romae
1135 472 1297 509 quaequc

108 539 245 578 Hannibal
265 539 372 577 mamers
402 525 634 576 Carthagine
657 529 742 562 acta
769 526 996 574 decretaque
1023 525 1161 571 forent,
1182 537 1298 573 seque

107 570 372 649 {iuia'rtslssiffisshfiiig
400 602 478 626 non
497 590 632 627 ducem
652 590 786 636 solum,
809 590 875 626 sed
898 590 1015 625 etiam
1039 601 1193 625 causam
1217 601 1298 625 esse

78 630 372 691 2313ffi35¹ss1ru1i<¹232¹135
401 654 503 701 beni,
524 654 680 703 partitis
700 653 985 702 divenditisque
1010 653 1184 702 reliquiis
1207 665 1298 701 prae-

109 720 165 756 dae
211 720 310 757 nihil
347 720 451 756 ultra
488 718 745 755 differendum
781 722 900 763 ratus,
940 717 1111 766 Hispani
1146 716 1296 765 generis

77 795 92 818 3
110 784 251 821 milites
280 787 475 821 convocat.
537 782 689 819 “Credo
718 794 786 830 ego
815 781 908 817 vos''
938 781 1077 829 inquit,
1102 781 1233 827 “socii,
1255 784 1296 817 et

108 848 209 897 ipsos
234 860 398 894 cernere,
425 846 571 896 pacatis
600 845 779 882 omnibus
808 845 1009 893 Hispaniae
1036 845 1199 894 populis,
1229 848 1299 881 aut

109 912 319 949 finiendam
363 912 473 948 nobis
517 910 700 946 militiam
743 909 1011 958 exercitusque
1048 909 1298 946 dimittendos

76 989 92 1011 4
110 989 188 1013 esse
208 979 276 1013 aut
294 976 336 1012 iu
355 975 449 1012 alias
469 978 590 1011 terras
605 974 915 1010 transferendum
930 973 1093 1010 bellum:
1123 973 1179 1009 ita
1194 973 1298 1010 enim

108 1041 167 1077 hae
185 1044 318 1089 gentes
337 1052 415 1076 non
443 1039 547 1088 pacis
575 1038 710 1084 solum,
740 1038 806 1074 sed
834 1037 952 1073 etiam
980 1037 1149 1073 vietoriae
1179 1036 1289 1074 bonis

108 1105 311 1150 florebunt,
332 1104 365 1140 si
385 1117 433 1140 ex
452 1102 537 1139 aliis
555 1102 736 1151 gentibus
755 1102 923 1150 praedam
948 1105 988 1138 et
1011 1101 1172 1150 gloriam
1199 1114 1298 1150 quae-

77 1182 91 1204 5
109 1180 246 1205 remus.
305 1168 445 1216 Itaque
466 1179 586 1216 quum
610 1166 822 1214 longinqua
842 1179 864 1201 a
883 1166 995 1202 domo
1015 1166 1134 1202 instet
1153 1166 1295 1202 militia

108 1232 375 1280 incertumque
394 1231 454 1278 sit,
478 1230 630 1280 quando
651 1230 781 1266 domos
807 1234 954 1266 vestras
979 1233 1018 1266 et
1047 1243 1130 1278 quae
1158 1231 1297 1279 cuique

109 1295 164 1331 ibi
182 1308 269 1332 cara
290 1299 392 1340 sunt,
414 1295 535 1331 visuri
555 1294 651 1340 sitis,
673 1294 706 1330 si
725 1294 811 1342 quis
832 1298 1003 1330 vestrum
1023 1306 1110 1330 suos
1130 1294 1297 1331 invisere

77 1368 93 1392 6
110 1360 207 1406 vult,
241 1363 498 1396 commeatum
529 1359 587 1395 do.
646 1358 778 1395 Primo
815 1371 904 1394 Vere
935 1358 1041 1395 edico
1073 1358 1217 1405 adsitis,
1251 1362 1298 1395 ut

109 1424 185 1460 diis
204 1424 300 1460 bene
320 1423 546 1459 iuvantibus
569 1422 715 1459 bellum
739 1422 908 1471 ingentis
930 1423 1061 1472 gloriae
1085 1423 1297 1472 praedaeque

567 1486 587 1503 ’'
645 1486 835 1523 Omnibus
872 1487 951 1524 fere
982 1487 1136 1524 visendi
1167 1487 1298 1524 domos

75 1501 89 1524 7
109 1490 286 1524 futurum
322 1487 562 1536 incipiamus.

109 1552 239 1588 oblata
257 1552 360 1589 ultro
380 1555 548 1601 potestas
571 1555 680 1600 grata
703 1555 795 1597 erat,
823 1555 862 1588 et
884 1552 962 1587 iam
987 1552 1295 1589 desiderantibus

109 1629 197 1653 suos
222 1620 261 1653 et
285 1616 436 1665 longius
460 1616 503 1652 iu
523 1615 700 1652 futurum
728 1616 1024 1665 providentibus
1051 1616 1294 1654 desiderium.

74 1688 90 1712 8
111 1681 186 1717 Per
204 1684 331 1717 totum
355 1685 508 1729 tempus
536 1679 674 1716 hiemis
698 1680 806 1728 quies
831 1680 935 1716 inter
957 1680 1106 1716 labores
1129 1683 1198 1717 aut
1219 1680 1297 1716 iam

109 1744 315 1781 exhaustos
353 1748 422 1781 aut
460 1757 550 1780 mox
587 1743 868 1780 exhauriendos
904 1744 1108 1781 renovavit
1139 1757 1298 1794 corpora

108 1809 332 1858 animosque
351 1809 399 1845 ad
420 1809 549 1844 onmia
573 1808 621 1844 de
645 1808 796 1857 integro
824 1808 1007 1858 patienda
1015 1820 1027 1855 3
1055 1821 1145 1845 vere
1172 1809 1296 1858 primo

110 1873 160 1909 ad
180 1873 349 1909 edictum
369 1885 590 1909 convenere.

75 1951 93 1976 9
190 1936 394 1973 Hannibal
442 1949 563 1986 quum
603 1936 856 1973 recensuisset
894 1937 1067 1974 omnium
1119 1937 1294 1986 gentium

109 2008 202 2033 while
226 2009 376 2039 mustering
403 2001 562 2048 auxilia,
585 2000 710 2038 Gades
729 2002 922 2050 profectus
941 2001 1216 2039 Herculi'vota
1234 2015 1296 2040 ex-

107 2039 372 2094 {gsqgrdffielgvsaffe
401 2065 529 2110 solvit,
551 2065 736 2113 novisque
765 2078 804 2102 se
824 2066 970 2114 obligat
989 2066 1100 2113 votis,
1118 2066 1152 2103 si
1170 2070 1296 2103 cetera

115 2100 215 2123 >rovide
292 2107 298 2114 ·

61 2100 370 2165 ,ohefencesotf‘iif1·itc}}f
402 2140 583 2177 prospera
602 2129 829 2167 evenissent.
887 2129 1165 2179 Indepartiens
1184 2143 1295 2168 curas

108 2189 224 2226 simul
260 2190 305 2228 in
341 2191 586 2229 inferendum
623 2196 738 2242 atque
784 2193 992 2230 arcendum
1037 2194 1193 2241 bellum,
1233 2207 1293 2241 ne,

107 2254 199 2292 dum
229 2254 310 2304 ipse
340 2258 514 2294 terrestri
544 2271 611 2307 per
644 2257 877 2307 Hispaniam
907 2258 1128 2308 Galliasque
1157 2259 1295 2297 itinere
