1403 2438
506 126 676 164 LIBER
712 126 834 164 XXI.
1211 128 1259 167 27

73 237 212 274 magua
249 225 506 274 trepidatione
543 238 587 262 ac
624 238 765 275 pavore
797 225 969 262 omnium
998 225 1261 275 septingentos

73 289 214 326 milites
233 289 464 336 occiderunt,
487 302 555 326 sex
574 290 683 339 signa
707 291 890 327 ademere.
949 290 1058 327 Finis
1078 294 1117 327 et
1138 290 1260 327 Gallis
1279 311 1308 335 13

73 355 277 392 territandi
304 359 343 392 et
371 356 536 405 pavendi
565 355 642 392 fuit
675 355 871 403 Romanis,
902 359 947 392 ut
975 369 996 393 e
1023 355 1125 393 saltu
1153 355 1260 392 invio

71 423 186 468 atque
218 419 402 468 impedito
433 432 597 456 evasere.
655 419 753 456 Inde
786 419 929 468 apertis
959 419 1052 456 locis
1073 420 1182 456 facile
1202 423 1260 457 tu-

71 487 199 520 tantes
218 496 355 533 agmen
383 483 552 520 Romani
580 483 808 528 Tannetum,
840 482 968 519 vicum
998 483 1258 533 propinquum

72 546 188 594 Pado,
210 547 449 585 contendere.
508 547 572 584 Ibi
591 559 630 584 se
651 547 894 584 munimento
913 547 961 584 ad
986 551 1138 596 tempus
1161 560 1258 584 com·
1277 567 1306 590 η

71 611 336 661 meatibusque
359 611 530 648 fluminis
559 615 598 648 et
622 611 899 648 Brixianorum
920 611 1036 648 etiam
1058 611 1256 648 Gallorum

69 675 215 712 auxilio
260 675 444 712 adversus
491 680 724 712 crescentem
769 676 810 712 in
849 675 930 712 dies
965 676 1258 713 multitudinem

69 739 237 776 hostium
262 740 503 777 tutabantur.
562 740 640 785 Qui
668 741 861 777 tumultus
890 753 1026 789 repens
1054 744 1255 790 postquam
1276 747 1325 784 26

69 809 128 841 est
147 804 311 841 Romam
330 805 512 854 perlatus,
534 809 573 842 et
598 805 791 841 Punicum
819 804 978 854 insuper
1007 804 1155 841 Gallico
1183 804 1259 841 bel-

69 868 149 905 lum
172 872 328 906 auctum
355 874 484 918 patres
510 874 753 918 acceperunt,
782 868 822 906 C.
854 869 1026 905 Atilium
1055 872 1258 918 praetorem
1276 890 1291 907 2

68 946 156 969 cum
175 946 253 970 una
271 933 419 983 legione
439 934 617 971 Romana
637 938 675 971 et
695 935 866 983 quinque
882 934 1037 970 milibus
1057 933 1256 980 sociorum,

68 997 213 1034 dilectu
232 1010 332 1035 novo
352 1011 373 1034 a
394 998 547 1034 consule
567 998 802 1046 conscriptis,
824 998 1015 1034 auxilium
1034 998 1133 1034 ferre
1148 997 1259 1034 Man-

67 1061 119 1099 lio
137 1062 291 1109 iubent3
319 1061 387 1111 qui
405 1062 487 1098 sine
507 1062 586 1099 ullo
616 1062 824 1099 certamine
855 1062 1129 1113 (abscesserant
1155 1061 1255 1098 enim

67 1130 173 1163 metu
192 1125 334 1175 hostes)
356 1125 574 1163 Tannetum
594 1127 783 1176 pervenit.

138 1190 201 1229 .Et
233 1189 277 1228 P.
310 1189 521 1237 Cornelius,
552 1191 593 1227 in
626 1191 752 1227 locum
783 1191 876 1237 eius,
908 1204 992 1241 quae
1024 1192 1141 1228 missa
1171 1204 1257 1228 cum
1275 1209 1289 1232 3

66 1258 227 1304 praetore
246 1258 339 1302 erat,
361 1255 503 1304 scripta
522 1255 669 1304 legione
688 1268 799 1302 nova,
819 1256 961 1305 profec-
987 1254 1260 1315 ξξίξζῆἕὲῇζεῇᾓῑξξ

66 1325 130 1357 tus
166 1321 215 1357 ab
251 1321 346 1357 urbe
391 1321 594 1369 sexaginta
635 1321 761 1370 longis
797 1322 963 1358 navibus
991 1315 1126 1370 {ffliaglssssfi
1140 1316 1258 1370 ξῗζῙζὲῗ

66 1388 205 1434 praeter
223 1397 329 1421 oram
349 1385 517 1422 Etruriae
533 1385 797 1434 Ligurumque
817 1389 856 1423 et
874 1386 964 1423 inde
992 1383 1074 1436 {22²⁰
1101 1376 1130 1401 ⁰5
1154 1376 1258 1401 nanni-

67 1447 225 1496 Salyum
251 1453 400 1485 montes
425 1450 602 1498 pervenit
635 1449 861 1496 Massiliam,
893 1453 932 1486 et
959 1450 1005 1486 ad
1035 1451 1254 1499 proximum
1274 1465 1288 1488 4

66 1512 209 1549 ostium
229 1511 411 1549 Rhodani
434 1512 625 1563 (pluribus
645 1513 748 1549 enim
769 1513 916 1551 divisus
936 1515 1059 1551 amnis
1085 1515 1127 1551 'm
1150 1528 1254 1552 mare

68 1575 250 1627 decurrit)
271 1581 395 1613 castra
417 1576 528 1623 locat,
556 1577 719 1614 vixdum
748 1578 842 1614 satis
871 1578 1027 1615 credens
1054 1578 1255 1615 Hanniba-

66 1640 142 1677 lem
170 1652 367 1690 superasse
395 1640 600 1690 Pyrenaeos
632 1645 792 1678 montes.
851 1642 974 1687 Quem
1004 1646 1049 1679 ut
1077 1642 1124 1679 de
1153 1642 1255 1679 Rho·
1272 1658 1286 1682 5

66 1704 158 1742 dani
187 1717 338 1754 quoque
372 1705 541 1742 transitu
576 1705 722 1754 agitare
750 1706 1040 1754 animadvertit,
1070 1706 1252 1754 incertus,

65 1782 232 1819 quonam
265 1769 302 1806 ei
333 1769 414 1806 loco
447 1773 674 1816 occurreret,
706 1770 871 1807 necdum
900 1770 994 1807 satis
1025 1771 1178 1808 refectis
1206 1772 1256 1808 ab

65 1833 271 1871 iactatione
289 1833 486 1870 maritima
510 1833 711 1881 militibus,
733 1837 925 1871 trecentos
954 1835 1111 1872 interim
1137 1835 1255 1872 delec-

66 1902 124 1935 tos
143 1897 291 1947 equites
312 1897 472 1934 ducibus
488 1897 796 1936 Massiliensibus
811 1903 851 1936 et
863 1899 1118 1936 auxiliaribus
1132 1899 1255 1937 Gallis
1288 1925 1292 1931 -

65 1961 114 1999 ad
133 1962 367 2011 exploranda
385 1961 517 1999 omnia
535 1961 788 2012 visendosque
813 1976 862 2000 ex
891 1967 977 2000 tuto
1005 1963 1136 2001 hostes
1163 1977 1255 2013 prae-

65 2025 199 2064 mittit„
257 2025 469 2073 Hannibal,
491 2026 626 2064 ceteris
645 2031 752 2064 metu
772 2031 841 2064 aut
860 2027 984 2077 pretio
1004 2028 1158 2077 pacatis,
1177 2029 1254 2066 iam
1271 2043 1286 2068 6

65 2090 106 2127 in
121 2089 334 2127 Volcarum
352 2094 581 2140 pervenerat
599 2103 746 2140 agrum,
763 2093 891 2140 gentis
902 2091 1050 2129 validae.
1109 2092 1254 2130 Colunt

65 2159 196 2192 autem
215 2155 314 2192 circa
331 2159 535 2204 utramque
553 2155 678 2204 ripam
704 2155 886 2192 Rhodani
892 2167 904 2202 3
932 2155 999 2192 secl
1017 2155 1142 2204 diffisi,
1163 2157 1253 2194 cite-

9 2240 13 2244 ι
65 2218 166 2256 liore
183 2231 274 2268 agro
296 2219 416 2256 arceri
445 2218 608 2256 Poenum
637 2232 755 2269 posse,
787 2223 832 2256 ut
859 2219 1001 2256 flumen
1030 2232 1100 2269 pro
1128 2223 1251 2258 muni-
