1403 2438
531 204 701 240 LIBER
739 202 876 241 XXII.
1224 205 1294 241 103

105 307 146 339 et
173 315 242 352 per
268 315 402 339 aversa
429 316 452 339 a
478 302 612 338 castris
640 302 876 338 Hannibalis
896 303 1093 351 equitatus
1112 315 1198 339 cuin
1220 303 1295 339 levi

105 371 304 404 armatura
325 367 486 404 emissus
515 367 555 403 in
578 367 875 403 frumentatores
899 367 974 404 late
994 367 1132 404 caedem
1152 367 1297 415 fugam-

105 444 180 481 que
202 431 372 468 hostium
401 432 617 481 palatorum
646 431 745 468 fecit.
807 431 890 468 Nec
916 432 996 468 acie
1022 436 1168 469 certare
1188 431 1297 468 Han·
1314 447 1331 471 9

105 497 211 533 nibal
239 509 366 543 ausus,
396 497 488 546 quia
516 501 626 533 tanta
654 509 742 545 pars
769 497 963 533 exercitus
991 498 1124 533 aberat
1156 502 1189 534 et
1219 496 1295 533 iam

106 576 149 598 ea
177 562 370 611 paucitate
399 562 467 598 vix
497 566 631 606 castra,
660 561 692 597 si
723 565 1049 610 oppugnarentur,
1081 561 1202 598 tutari
1231 574 1293 610 po-

106 630 208 662 terat
222 639 233 673 ;
276 625 429 674 iamque
463 626 613 662 artibus
651 625 764 662 Fabii
801 626 967 662 sedendo
1003 631 1045 662 et
1077 626 1295 662 cunctando
1318 643 1348 658 10

105 689 247 726 bellum
282 691 448 740 gerebat,
484 695 755 740 receperatque
793 703 880 727 suos
918 691 959 726 in
997 690 1124 739 priora
1158 695 1293 736 castra,

105 767 190 803 quae
218 766 288 803 pro
314 754 495 791 Gereonii
523 755 716 792 moenibus
737 760 857 792 erant.
919 755 1027 791 Iusta
1046 767 1198 804 quoque
1217 755 1297 791 acie
1318 775 1345 791 n

104 824 145 855 et
174 819 325 855 collatis
355 819 474 868 signis
505 819 743 865 dimicatum,
779 820 935 868 quidam
975 825 1149 856 auctores
1182 825 1297 865 su11t;

105 883 229 932 primo
257 896 444 920 concursu
474 884 637 921 Poenum
666 897 785 933 usque
810 885 859 920 ad
882 890 1005 921 eastra
1025 885 1179 930 fusum3
1207 884 1297 920 inde

103 948 306 996 emptione
332 949 436 985 facta
456 953 614 997 repente
637 962 787 985 versum
808 954 993 985 terrorem
1014 949 1056 984 in
1075 949 1271 985 Romanos
1288 964 1296 991 ;

108 1012 287 1049 Numerii
313 1013 479 1050 Decimii
503 1013 690 1050 Samnitis
714 1014 852 1050 deinde
871 1014 1096 1050 interventu
1119 1013 1295 1062 proelium

106 1077 345 1114 restitutum.
405 1077 525 1114 Hunc
557 1078 770 1126 principem
801 1090 942 1126 genere
971 1091 1013 1114 ac
1042 1078 1190 1114 divitiis
1219 1090 1298 1113 non
1316 1096 1346 1112 ιε

107 1141 273 1178 Boviani
302 1141 424 1187 modo,
455 1142 557 1177 unde
586 1147 678 1188 erat,
708 1142 773 1178 sed
803 1147 885 1178 toto
909 1143 1075 1186 Samnio,
1099 1143 1203 1178 iussu
1223 1141 1298 1177 dic-

106 1206 242 1243 tatoris
269 1210 355 1243 octo
383 1207 507 1243 millia
534 1206 708 1255 peditum
738 1211 776 1243 et
803 1207 952 1256 equites
976 1207 1208 1255 quingentos
1231 1206 1297 1241 du-

106 1274 256 1308 centem
285 1271 324 1307 in
355 1275 489 1317 castra,
520 1271 568 1307 ab
597 1275 705 1320 tergo
734 1284 853 1320 quum
881 1272 1121 1320 apparuisset
1142 1269 1295 1306 Hanni-

108 1335 196 1384 bali]
238 1336 400 1385 speciem
439 1337 542 1385 parti
576 1336 732 1384 utrique
766 1337 971 1385 praebuisse
1003 1337 1093 1371 novi
1126 1334 1296 1384 praesidii

105 1413 192 1437 cum
226 1400 269 1445 Q.
303 1399 424 1437 Fabio
453 1401 500 1436 ab
529 1400 654 1436 Roma
682 1401 883 1436 venientis.
943 1399 1217 1444 Hannibalem,
1240 1397 1296 1434 in-
1316 1415 1346 1443 ¹3

106 1464 289 1500 sidiarum
331 1476 484 1513 quoque
522 1463 669 1513 ahquid
708 1464 920 1509 timentem,
961 1462 1145 1511 recepisse
1163 1473 1270 1498 suos
1283 1457 1323 1507 ς’

112 1527 332 1563 Romanum
365 1527 584 1563 insecutum
610 1527 820 1563 adiuvante
845 1526 1018 1563 Samnite
1039 1527 1114 1563 duo
1140 1525 1296 1562 castella

107 1603 151 1628 eo
170 1591 232 1628 die
260 1604 508 1640 expugnasse.
570 1590 646 1627 Sex
665 1591 788 1628 millia
807 1591 976 1628 hostium
996 1604 1099 1636 caesa,
1121 1592 1294 1639 quinque
1312 1610 1345 1631 η

108 1655 315 1692 admodum
331 1655 595 1692 Romanorum
609 1670 619 1703 ;
650 1661 779 1692 tamen
799 1655 839 1691 in
859 1659 938 1691 tam
956 1655 1037 1704 pari
1051 1667 1168 1703 prope
1189 1654 1295 1690 clade

107 1733 251 1757 vanam
269 1719 408 1756 famam
433 1720 593 1769 egregiae
614 1720 784 1756 victoriae
805 1733 890 1756 cum
913 1720 1134 1756 vanioribus
1153 1719 1295 1756 litteris

108 1784 281 1834 magistri
299 1785 475 1834 equitum
497 1785 660 1821 Romam
681 1785 878 1834 perlatam.

187 1848 248 1885 De
269 1849 330 1886 his
354 1850 469 1886 rebus
497 1862 663 1899 persaepe
691 1854 731 1886 et
755 1849 794 1885 in
823 1855 958 1886 senatu
987 1855 1026 1886 et
1050 1850 1088 1885 in
1119 1849 1296 1886 contione
1314 1855 1364 1892 25

107 1918 236 1949 actum
256 1917 324 1950 est.
383 1914 524 1960 Quum,
546 1914 634 1950 laeta
653 1914 821 1960 civitate,
839 1914 1003 1951 dictator
1035 1945 1082 1969 liis
1110 1945 1242 1975 passmus
1269 1946 1298 1969 at
1314 1943 1328 1958 2

110 1989 208 2013 unus
227 1977 326 2013 nihil
351 1991 421 2014 nec
441 1978 550 2014 famae
576 1991 644 2015 nec
667 1978 808 2015 litteris
833 1979 1003 2016 crederet
1032 1975 1298 2030 ζῇζξὲξξωξιῇῑξῖἓξ

107 2046 150 2086 ει,
168 2044 213 2076 ut
229 2053 320 2077 vera
337 2041 468 2078 omnia
486 2046 622 2088 essent,
640 2042 806 2079 secunda
824 2055 863 2079 se
883 2043 1004 2091 magis
1033 2036 1147 2065 ‘'reem“
1159 2036 1268 2061 Fabius.

108 2116 220 2153 quam
242 2104 404 2142 adversa
422 2106 558 2143 timere
574 2106 727 2152 diceret,
744 2110 828 2142 tum
849 2106 904 2143 M.
925 2107 1100 2143 Metilius
1117 2107 1296 2143 tribunus
1315 2123 1330 2147 3

108 2168 230 2217 plebis
248 2168 288 2204 id
307 2169 495 2207 enimvero
513 2169 714 2207 ferendum
733 2183 814 2208 esse
828 2176 954 2220 negat,
972 2185 1049 2207 non
1070 2175 1295 2220 praesentem
1314 2189 1330 2211 4

107 2232 229 2269 solum
258 2233 485 2271 dictatorem
514 2235 707 2272 obstitisse
731 2235 788 2272 rei
813 2237 908 2273 bene
933 2233 1118 2285 gerendae,
1139 2236 1205 2272 sed
1233 2236 1296 2272 ab·

107 2302 252 2334 sentem
268 2298 385 2334 etiam
404 2302 520 2347 gestae
545 2300 708 2346 obstare,
731 2304 770 2336 et
791 2300 831 2337 in
851 2300 1024 2337 ducendo
1043 2300 1143 2336 bello
1163 2300 1297 2337 sedulo
