1403 2438
517 131 688 178 LIBER
723 132 836 170 XXI.
1217 133 1266 172 23

86 229 243 267 Italiam
270 232 430 279 peteret,
462 229 567 266 nuda
596 233 804 278 apertaque
838 229 1024 267 Romanis
1056 229 1192 267 Africa
1218 230 1269 267 ab

86 294 218 332 Sicilia
237 298 346 341 esset,
367 293 496 332 valido
522 294 697 344 praesiilio
726 294 877 331 firmare
905 307 989 331 eam
1017 295 1154 331 statuit
1160 309 1171 343 3
1199 307 1268 344 pro
1288 313 1318 332 u

86 371 130 396 eo
149 358 461 408 supplementum
480 358 560 407 ipse
579 370 628 394 ex
651 358 787 394 Africa
812 358 978 395 maxime
1003 359 1267 406 iaculatorum,

87 423 231 460 levium
250 424 378 469 armis,
405 422 530 472 petiit,
557 425 602 458 ut
629 421 720 458 Afri
744 421 786 457 in
812 422 1017 471 Hispania,
1039 423 1211 473 Hispani
1228 423 1271 460 in

88 487 234 534 Africa,
255 487 391 524 melior
414 485 547 536 procul
570 487 618 522 ab
647 485 759 522 domo
785 486 938 523 futurus
961 491 1124 537 uterque
1149 487 1271 532 miles,

89 551 198 588 velut
232 551 379 588 mutuis
409 550 631 600 pigneribus
663 550 833 599 obligati,
867 551 1059 600 stipendia
1090 552 1270 589 facerent.
1305 560 1307 562 '

89 615 287 652 Tredeeim
306 615 430 651 millia
457 615 696 663 octingentos
725 616 1007 664 quinquaginta
1034 616 1182 665 pedites
1210 629 1274 653 cae-
1293 636 1324 655 η

90 684 212 716 tratos
237 679 344 716 misit
371 679 413 716 in
442 678 617 715 Africam
647 682 684 715 et
712 679 927 716 funditores
956 679 1127 717 Baliares
1155 682 1276 717 octin-

91 747 225 793 gentos
244 743 500 792 septuaginta,
523 743 670 791 equites
698 743 840 795 mixtos
869 756 917 780 ex
941 744 1075 780 multis
1097 745 1277 793 gentibus
1335 764 1341 770 ³

92 807 198 845 mille
217 808 410 844 ducentos.
469 806 556 843 Has
583 807 709 856 copias
734 795 875 856 partim
903 807 1128 857 Carthagini
1154 809 1278 858 praesi-
1297 827 1326 850 13

93 872 156 909 dio
169 884 259 917 esse,
272 872 414 921 partim
429 871 611 908 distribui
626 884 694 919 per
707 871 883 907 Africam
899 871 1016 908 iubet.
1057 872 1181 909 Simul
1193 885 1279 909 con-

93 936 344 985 quisitoribus
355 935 396 972 in
409 935 586 972 civitates
602 935 736 981 missis,
755 940 940 984 quattuor
954 936 1078 972 millia
1093 938 1279 986 conserip-

94 1005 135 1036 ta
149 1000 303 1037 delectae
315 999 541 1046 iuventutis,
562 999 780 1048 praesidium
797 1000 947 1036 eosdem
963 1005 1002 1036 ct
1017 1001 1176 1048 obsides,
1191 1001 1280 1037 duci

96 1063 366 1112 Carthaginem
394 1063 513 1100 iubet.
570 1062 708 1113 Neque
742 1063 974 1112 Hispaniam
1006 1064 1275 1114 negligendam
1297 1067 1347 1104 22

95 1132 213 1174 ratus,
234 1132 350 1177 atque
373 1127 414 1164 id
439 1140 482 1164 eo
506 1128 646 1174 minus,
673 1128 775 1176 quod
802 1127 907 1164 haud
934 1128 987 1177 ig-

96 1204 212 1240 narus
236 1196 330 1239 erat,
360 1192 598 1229 circumitam
623 1192 671 1229 ab
698 1192 883 1229 Romanis
907 1205 989 1229 eam

96 1255 231 1305 legatis
249 1256 299 1293 ad
317 1256 576 1293 sollicitandos
604 1257 822 1306 principum
851 1257 1009 1304 animos,
1040 1258 1281 1295 Hasdrubali
1299 1277 1314 1295 2

97 1319 220 1366 fratri,
240 1320 325 1356 viro
349 1320 524 1369 impigro,
554 1333 638 1357 eam
666 1321 903 1370 provinciam
933 1321 1112 1368 destinat,
1143 1323 1285 1359 firmat-

98 1396 173 1432 que
200 1396 283 1420 eam
310 1384 456 1421 Africis
484 1384 654 1422 maxime
684 1385 880 1434 praesidiis,
903 1386 1075 1435 peditum
1096 1387 1283 1423 Afrorum

100 1447 277 1484 undecim
301 1448 473 1484 millibus
497 1448 730 1498 octingentis
755 1450 1048 1499 quinquaginta,
1077 1451 1284 1499 Liguribus

101 1512 295 1555 trecentis,
332 1511 551 1549 Baliaribus
596 1513 820 1561 quinqentis.
878 1514 945 1550 Ad
991 1514 1071 1552 haec
1111 1516 1284 1564 peditum
1302 1535 1317 1559 3

101 1576 248 1613 auxilia
262 1575 385 1612 additi
405 1576 554 1625 equites
573 1576 878 1626 Libyphoenices,
900 1579 1068 1615 mixtum
1093 1578 1286 1616 Punicum

101 1639 212 1677 Afris
245 1651 376 1689 geum,
408 1640 682 1689 quadringenti
713 1641 996 1690 quinquaqinta
1029 1646 1068 1679 et
1104 1643 1287 1680 Numidae

101 1703 308 1753 Maurique
327 1703 461 1741 accolae
482 1704 626 1741 Oceani
650 1705 698 1741 ad
727 1706 832 1742 mille
861 1706 1072 1755 octingenti
1101 1711 1140 1744 et
1168 1721 1288 1756 parva

102 1768 313 1816 Ilergetum
332 1780 469 1805 manus
492 1781 541 1805 ex
570 1768 773 1818 Hispania,
802 1769 958 1806 ducenti
987 1770 1146 1820 equites,
1167 1775 1216 1818 et,
1238 1785 1287 1809 ne

102 1832 206 1881 quod
223 1832 414 1869 terrestris
435 1833 581 1869 deesset
606 1833 742 1869 auxilii
767 1846 898 1882 genus,
927 1834 1122 1883 elephanti
1147 1835 1289 1884 viginti

104 1909 214 1935 unus.
273 1896 414 1934 Classis
435 1901 618 1946 praeterea
647 1898 737 1934 data
764 1898 812 1934 ad
841 1899 1025 1935 tuendam
1052 1899 1320 1940 maritimam=4

104 1972 221 2006 oram,
251 1961 351 2009 quia,
382 1972 458 2009 qua
485 1968 592 2010 parte
620 1961 713 1998 belli
740 1963 923 2010 vicerant,
954 1975 999 2000 ea
1027 1967 1110 1999 tum
1138 1976 1289 2013 quoque

105 2036 186 2061 rem
221 2028 396 2073 gesturos
433 2024 628 2062 Romanos
664 2026 769 2062 credi
809 2030 970 2076 poterat,
1008 2027 1290 2077 quinquaginta

105 2087 409 2137 quinqueremes,
430 2089 690 2138 quadriremes
709 2089 804 2136 duae,
826 2091 1000 2127 triremes
1012 2091 1203 2140 quinque3
1224 2093 1289 2129 sed

105 2155 205 2201 aptae
223 2152 495 2202 instructaeque
514 2153 673 2202 remigio
699 2154 861 2202 triginta
886 2159 925 2192 et
950 2155 1034 2191 duae
1062 2156 1291 2205 quinquere-

107 2228 186 2253 mes
204 2220 316 2254 erant
333 2221 373 2254 et
392 2217 566 2255 triremes
584 2218 764 2267 quinque.

1063 1170 1117 1196 and
1128 1171 1215 1203 Spain.
