1455 2454
130 182 178 220 34
648 184 710 221 LI
719 183 801 221 VII

78 293 108 310 ¹2
129 282 260 315 tutum
281 278 518 327 ingredienti
538 278 682 327 praebet
696 291 707 325 ;
736 283 776 314 et
798 282 882 315 tum
907 279 1004 315 forte
1023 278 1212 317 imbribus
1229 292 1316 318 auc-

128 346 192 379 tus
210 342 408 391 ingentem
435 342 810 390 transgredientibus
840 343 1053 380 tumultum
1073 344 1175 390 fecit,
1195 357 1316 393 quum

128 418 241 455 super
255 410 382 442 cetera
400 406 658 455 trepidatione
677 405 751 456 ipsi
770 419 839 443 sua
853 411 970 455 atque
983 406 1141 444 incertis
1159 407 1316 445 clamor-

127 470 215 506 ibus
234 470 497 507 turbarentur.

60 537 110 574 32
209 532 251 570 P.
276 534 476 570 Cornelius
497 534 628 570 consul
649 534 777 571 triduo
803 535 881 571 fere
907 538 1004 583 post,
1026 547 1142 583 quam
1165 535 1317 572 Hanni-

129 633 216 663 Scipio
242 632 344 657 instead
367 633 396 657 of
421 599 483 634 bal
498 611 520 635 a
531 598 616 648 ripa
630 598 810 635 Rhodani
822 600 954 646 movit,
965 599 1152 648 quadrato
1164 599 1319 648 agmine

128 664 260 694 Pnrsuissg
292 664 394 688 nanni—
422 663 470 699 ad
495 668 620 699 castra
644 663 814 699 hostium
834 667 1004 709 venerat,
1026 664 1173 700 nullam
1204 663 1316 700 dimi-

130 695 174 718 bal
191 695 269 718 sends
286 697 356 718 most
368 695 396 718 of

96 751 111 768 2
129 725 394 780 {ffidffiffi'stgssffigss
422 726 534 763 candi
561 739 708 763 moram
738 728 911 764 facturus
921 741 932 774 3
973 732 1142 764 ceterum
1161 727 1229 764 ubi
1257 727 1318 764 de-

129 785 394 840 §l‘fffiffiotffi‘ffN-Offi
422 794 524 827 serta
559 792 802 828 munimenta
839 803 910 828 nec
942 790 1053 828 facile
1090 804 1129 827 se
1161 795 1316 828 tantum

129 846 247 876 ‘'shall'‘
421 867 645 902 praegressos
665 859 928 891 assecuturum
949 855 1068 901 videt,
1082 855 1129 890 ad
1150 867 1254 891 mare
1273 867 1318 891 ac

129 929 248 953 naves
273 917 399 964 rediit,
422 919 548 954 tutius
572 918 797 967 faciliusque
825 919 880 955 ita
904 919 1150 956 descendenti
1173 919 1223 955 ab
1248 918 1318 955 Al-

97 999 112 1022 3
130 981 243 1029 pibus
268 980 487 1018 Hannibali
516 994 752 1020 occursurus,
810 983 872 1019 Ne
892 986 1020 1019 tamen
1039 983 1145 1019 nuda
1162 983 1319 1020 auxiliis

131 1045 320 1082 Romanis
355 1045 548 1095 Hispania
585 1051 695 1094 esset,
731 1060 845 1096 quam
884 1047 1121 1096 provinciam
1158 1046 1318 1084 sortitus

132 1113 225 1156 erat,
260 1110 328 1147 Cn.
362 1109 579 1159 Scipionem
612 1111 770 1147 fratrem
804 1125 890 1148 cum
924 1111 1093 1147 maxima
1120 1115 1229 1160 parte
1261 1124 1319 1148 co-

96 1191 112 1215 4
130 1173 282 1223 piarum
311 1175 494 1212 adversus
523 1175 810 1212 Hasdrubalem
834 1176 951 1222 misit,
977 1189 1055 1212 non
1077 1176 1126 1212 ad
1153 1175 1318 1212 tuendos

132 1239 400 1276 tantummodo
420 1243 569 1276 veteres
595 1239 715 1276 socios
741 1240 1074 1288 conciliandosque
1099 1252 1230 1287 novosx‚
1252 1239 1318 1276 sed

98 1320 112 1344 5
132 1302 247 1338 etiam
268 1303 316 1338 ad
336 1303 555 1351 pellendum
576 1303 771 1352 Hispania
786 1303 1082 1341 Hasdrubalem.
1124 1303 1212 1352 Ipse
1231 1316 1316 1339 cum

131 1366 336 1402 admodum
363 1366 513 1415 exiguis
541 1368 659 1416 copiis
680 1367 856 1403 Genuam
884 1368 1024 1416 repetit
1049 1380 1104 1413 eo,
1127 1367 1195 1416 qui
1219 1367 1320 1404 circa

132 1429 282 1466 Padum
302 1434 386 1466 erat
406 1432 609 1478 exercitus,
632 1431 790 1467 Italiam
817 1431 1051 1468 defensurus.

98 1508 114 1532 6
211 1494 415 1531 Hannibal
430 1496 478 1532 ab
495 1495 689 1532 Druentia
709 1495 914 1544 campestri
933 1495 1100 1532 maxime
1114 1494 1253 1532 itinere
1271 1494 1320 1531 ad

131 1546 396 1622 Hannibal'slarmy
425 1559 547 1608 Alpes
567 1572 653 1595 cum
673 1560 773 1595 bona
791 1572 883 1608 pace
903 1559 1156 1595 incolentium
1175 1572 1219 1596 ea
1237 1559 1320 1596 loca

99 1639 114 1664 7
131 1622 399 1682 ξθξξιξθξῇζᾞῇεξξέἑ
430 1623 629 1660 Gallorum
643 1623 828 1672 pervenit.
860 1623 970 1669 Tum,
984 1636 1203 1672 quanquam
1219 1623 1320 1659 fama

132 1683 399 1738 ffifflffisfflpzssssffi
426 1688 543 1737 prius,
577 1700 654 1736 qua
689 1687 836 1724 incerta
869 1687 910 1723 in
942 1688 1066 1724 maius
1099 1700 1190 1724 vero
1227 1686 1320 1723 ferri

132 1743 248 1768 taineers
429 1752 562 1798 solent,
585 1755 773 1800 praecepta
801 1764 860 1787 res
886 1755 978 1797 erat,
1006 1754 1138 1787 tamen
1160 1763 1209 1788 ex
1236 1763 1320 1800 pro-

132 1817 279 1866 pinquo
298 1817 382 1853 visa
401 1816 594 1853 montium
612 1815 779 1852 altitudo
805 1815 988 1864 nivesque
1007 1815 1097 1852 caelo
1115 1828 1234 1864 prope
1252 1815 1321 1851 im-

133 1882 276 1928 mixtae,
299 1885 402 1918 tecta
420 1880 602 1917 informia
620 1880 801 1929 imposita
826 1880 996 1929 rupibus,
1020 1892 1157 1928 pecora
1175 1879 1321 1920 iumen-

133 1950 250 1994 taque
274 1945 422 1982 torrida
449 1945 600 1994 frigore,
629 1944 803 1981 homines
830 1944 974 1980 intonsi
1002 1948 1041 1980 et
1069 1944 1218 1991 inculti,
1242 1943 1322 1980 ani-

132 2009 250 2045 malia
286 2009 534 2057 inanimaque
571 2008 700 2044 omnia
736 2008 902 2057 rigentia
938 2007 1037 2056 gelu,
1073 2010 1198 2044 cetera
1233 2007 1321 2044 visu

101 2090 116 2115 g
133 2085 250 2122 quam
270 2073 377 2109 (lictu
396 2073 565 2118 foediora,
581 2076 766 2109 terrorem
785 2075 1032 2110 renovarunt.
1071 2071 1322 2120 Erigentibus

134 2137 176 2173 in
206 2137 349 2186 primos
378 2150 515 2186 agmen
543 2137 662 2174 clivos
693 2140 957 2186 apparuerunt
989 2135 1236 2172 imminentes
1262 2139 1322 2172 tu-

134 2202 259 2237 mulos
296 2202 508 2245 insidentes
545 2201 733 2247 montani,
766 2200 845 2250 qui,
875 2201 909 2237 si
941 2200 1062 2237 valles
1097 2199 1322 2237 occultiores

132 2266 374 2312 insedissent,
397 2265 517 2304 coorti
536 2266 585 2303 ad
604 2278 772 2316 pugnam
792 2268 949 2314 repente
975 2264 1173 2314 ingentem
1190 2263 1321 2313 fugam
