1403 2438
509 129 680 167 LIBER
716 128 856 167 XXII.
1203 128 1278 166 135

86 226 241 265 nomine
269 226 386 275 Busa,
415 241 556 278 genere
585 228 688 265 clara
715 240 759 264 ac
787 225 948 273 divitiis,
976 224 1169 263 moenibus
1198 230 1280 261 tan-

85 295 170 328 tum
198 291 389 341 tectisque
418 305 441 328 a
469 291 676 329 Canusinis
704 295 891 340 acceptos,
922 290 1128 335 frumento,
1159 292 1277 334 veste,

85 357 229 394 viatico
265 357 383 394 etiam
416 357 529 403 iuvit,
563 370 632 407 pro
663 369 739 405 qua
769 355 804 393 ei
837 354 1105 392 munificentia
1134 357 1277 403 postea,

85 419 186 457 bello
213 420 393 470 perfecto,
421 421 470 457 ab
498 424 636 457 senatu
665 419 829 456 honores
858 419 982 455 habiti
1011 423 1112 455 sunt.
1173 417 1279 454 Cete-
1299 416 1347 453 53

84 497 172 521 rum
192 497 312 534 quum
332 485 387 521 ibi
407 485 554 521 tribuni
577 484 746 520 militum
768 488 955 532 quattuor
974 487 1114 528 essent,
1135 482 1280 519 Fabius

85 547 286 585 Maximus
315 548 363 585 ‹le
392 548 542 597 legione
571 547 706 597 prima,
737 547 847 584 cuius
875 551 985 596 pater
1014 563 1135 587 motois
1163 563 1192 587 of
1215 563 1280 588 emi-

1012 601 1059 623 gra
1074 594 1117 617 ion
1126 601 1225 623 among
1233 594 1280 618 the

83 612 211 662 priore
231 625 333 649 anno
352 612 519 649 dictator
538 612 676 658 fuerat,
697 615 737 649 et
762 611 809 649 de
835 612 984 660 logione
1013 631 1112 678 {azagi
1129 623 1224 678 ¹1¹1‘1'b¹⁰³
1249 626 1278 649 at
1295 631 1310 648 2

1034 662 1049 678 ss
1071 662 1102 679 HS
1115 662 1131 678 u
1231 662 1278 680 are

83 677 252 714 secunda
274 676 316 714 L.
340 676 542 714 Publicius
569 675 734 713 Bibulus
760 680 800 713 et
825 676 869 713 P.
893 676 983 713 Cor-
1011 685 1199 739 ⁰¹¹⁰⁰k⁰⁰¹sbf
1215 685 1278 740 0⁰¹⁶

85 741 212 778 nelius
245 740 373 791 Scipio
403 746 441 779 ct
472 741 519 778 (le
548 741 699 790 legione
729 741 845 777 tertia
875 741 977 790 App.
1011 716 1205 777 ss'ssiffiysssipid.
1236 723 1280 741 or-

85 804 271 842 Claudius
299 803 477 851 Pulcher,
500 804 567 853 qui
595 803 772 853 proxime
797 803 919 840 aedilis
944 804 1081 850 fuerat,
1103 802 1278 840 omnium
1297 817 1312 842 3

84 881 271 906 consensu
291 869 340 906 ad
361 868 402 906 P.
423 868 641 918 Scipionem
662 868 870 905 admodum
890 868 1156 906 adolescentem
1175 874 1208 905 et
1227 867 1282 905 ad

83 933 186 982 App.
225 932 431 970 Claudium
462 945 613 969 summa
642 931 797 981 imperii
829 932 958 968 delata
989 937 1057 969 cst.
1127 929 1278 976 Quibus
1296 947 1310 971 4

83 995 394 1032 consultantibus
419 994 524 1031 inter
548 1007 688 1044 paucos
713 995 760 1031 de
785 1007 936 1030 summa
961 1007 1091 1032 rerum
1119 995 1278 1032 nuntiat

84 1057 129 1095 P.
160 1058 303 1095 Furius
336 1058 485 1105 Philus,
516 1058 728 1095 consularis
760 1058 837 1094 viri
870 1059 984 1105 filius,
1020 1059 1278 1109 nequicquam

83 1135 148 1160 eos
174 1123 366 1173 perditam
395 1136 502 1172 spem
530 1123 661 1161 fovere
674 1138 686 1172 3
713 1123 956 1172 desperatam
989 1125 1278 1174 comploratam-

83 1199 159 1236 que
190 1200 270 1224 rem
310 1200 392 1225 esse
428 1187 648 1237 publicam;
695 1188 844 1225 nobiles
881 1188 1041 1225 iuvenes
1078 1189 1274 1239 quosdam,
1294 1204 1310 1228 5

83 1263 250 1300 quorum
285 1252 501 1301 principem
539 1252 581 1289 L.
617 1252 814 1289 Caecilium
846 1253 1062 1299 Metellum,
1095 1266 1200 1291 mare
1232 1266 1277 1291 ac

83 1328 202 1354 naves
233 1321 415 1366 spectare,
448 1321 494 1353 ut
527 1316 678 1354 deserta
711 1317 831 1354 Italia
862 1318 911 1354 ad
940 1331 1074 1368 regum
1107 1318 1276 1368 aliquem

83 1381 356 1431 transfugiant.
416 1381 528 1426 Quod
548 1381 705 1428 malum,
726 1385 984 1432 praeterquam
1009 1386 1134 1429 atrox,
1161 1396 1276 1433 super
1294 1393 1310 1418 6

83 1448 145 1482 tot
176 1444 302 1483 clades
334 1445 451 1482 etiam
484 1443 640 1492 novum,
673 1459 794 1495 quum
826 1451 982 1496 stupore
1015 1460 1058 1484 ac
1089 1447 1276 1485 miraculo
1302 1434 1309 1439 '

82 1509 256 1559 torpidos
280 1509 489 1557 defixisset,
511 1509 578 1559 qui
603 1510 774 1556 aderant,
797 1514 836 1547 et
861 1511 1064 1548 consilium
1089 1512 1277 1549 advocan-

81 1574 177 1611 dum
204 1574 251 1612 de
278 1587 324 1612 eo
350 1578 560 1621 censerent,
590 1579 707 1625 negat
740 1575 892 1612 consilii
921 1589 1004 1613 rem
1035 1589 1116 1614 esse
1147 1577 1275 1627 Scipio

82 1638 247 1687 iuvenis,
273 1639 404 1677 fatalis
431 1639 514 1676 dux
540 1639 701 1676 huiusce
728 1640 831 1677 belli.
887 1640 1128 1677 Audendum
1157 1645 1274 1691 atque
1294 1657 1308 1682 7

81 1703 285 1753 agendum,
315 1716 395 1741 non
425 1703 724 1740 consultandum
753 1704 810 1741 ait
838 1703 881 1740 in
907 1708 1020 1741 tanto
1048 1705 1151 1742 malo
1179 1718 1269 1743 esse.

81 1766 195 1804 Ircnt
220 1779 351 1804 secum
375 1766 572 1816 extemplo
599 1767 750 1814 armati,
772 1767 841 1816 qui
868 1779 949 1803 rem
977 1767 1174 1816 publicam
1202 1767 1274 1804 sal-

80 1843 171 1868 vam
204 1831 350 1869 vellent
363 1844 375 1879 3
413 1831 524 1868 nulla
554 1831 695 1877 verius,
726 1843 843 1880 quam
870 1830 940 1867 ubi
966 1843 1012 1867 ea
1039 1830 1269 1880 cogitentur,
1289 1844 1304 1869 8

81 1895 252 1933 hostium
271 1899 397 1933 castra
415 1908 504 1933 esse.
563 1895 700 1945 Pergit
717 1896 774 1932 ire
793 1895 1044 1944 sequentibus
1070 1895 1202 1944 paucis
1230 1895 1272 1932 in
1290 1917 1306 1941 9

80 1960 294 2012 hospitium
312 1961 466 1998 Metelli
485 1964 535 2008 et,
556 1974 678 2011 quum
697 1960 902 1998 concilium
924 1959 981 1997 ibi
1005 1960 1203 2008 iuvenum,
1225 1960 1285 2000 de,

79 2026 222 2075 quibus
240 2025 415 2063 ‘allatum
449 2029 543 2073 erat,
577 2024 800 2072 invenisset,
831 2024 966 2062 stricto
999 2036 1114 2073 super
1145 2024 1273 2074 capita

79 2089 385 2127 consultantium
411 2089 550 2139 gladio,
583 2089 683 2126 “Ex
706 2089 785 2126 mei
809 2088 930 2126 animi
959 2088 1156 2126 sententia
1167 2088 1186 2104 ''
1214 2088 1271 2126 in-
1290 2111 1321 2128 ιο

79 2154 176 2204 quit,
199 2157 222 2175 “
234 2157 281 2191 ut
298 2166 368 2204 ego
385 2166 468 2191 rem
486 2153 682 2203 publicam
707 2153 841 2203 populi
867 2153 1037 2190 Romani
1061 2166 1142 2190 non
1169 2153 1270 2191 dese-

78 2231 159 2256 ram
178 2231 304 2270 neque
322 2219 444 2256 alium
463 2219 586 2257 civem
609 2219 830 2257 Romanum
859 2219 1032 2256 deserere
1056 2218 1185 2269 patiar
1197 2231 1210 2267 5
1236 2218 1270 2257 si
1291 2235 1318 2253 u
