1434 2402
102 255 106 259 .
158 204 232 240 110
676 197 823 235 ΜΠ]

154 313 230 349 quo
249 303 430 336 oneratus
453 311 538 334 sum
557 297 680 346 magis
699 309 814 346 quam
834 296 1056 342 honoratus,
1078 296 1226 344 primus
1244 295 1342 332 anti-

154 377 229 413 quo
245 365 460 412 abrogoque
475 366 526 409 et,
543 362 646 411 quod
661 361 734 398 tibi
751 361 923 410 mihique
940 358 1072 412 [quod]
1090 360 1340 398 exercitibus-

154 442 227 477 que
265 428 324 463 his
358 427 446 472 tuis,
486 431 638 463 servato
667 439 710 463 ac
741 425 1012 472 conservatori,
1043 425 1094 461 sit
1122 424 1230 472 felix,
1269 425 1341 462 sub

153 492 357 541 imperium
385 492 677 540 auspiciumque
706 495 817 527 tuum
848 490 959 526 redeo
986 494 1024 526 et
1047 491 1158 539 signa
1184 490 1265 526 haec
1292 489 1342 526 le-

123 579 136 602 5
152 557 360 605 gionesque
393 555 566 592 restituo.
625 555 696 602 Tu,
728 568 867 604 quaeSO,
897 555 1072 604 placatus
1110 567 1169 591 me
1206 554 1342 604 magis-

154 621 295 657 terium
333 620 521 669 equitum,
566 620 634 656 hos
672 619 826 656 ordines
854 632 943 655 suos
979 631 1169 668 quemque
1211 623 1342 655 tenere

121 699 136 723 6
152 685 318 722 iubeas.'’
389 685 489 721 Tum
522 685 668 721 dextrae
701 685 947 720 interiunctae
986 684 1217 732 militesque,
1256 696 1342 720 con-

153 750 257 786 tione
286 750 455 793 dimissa,
484 750 533 786 ab
562 749 665 786 notis
693 749 912 798 ignotisque
935 749 1100 797 benigne
1123 753 1240 797 atque
1258 748 1342 785 hos-

152 814 325 863 pitaliter
357 814 526 860 invitati,
566 814 752 862 laetusque
789 813 869 850 dies
907 827 954 850 ex
992 813 1198 850 admodum
1236 814 1341 850 tristi

123 902 136 924 7
152 879 265 927 paulo
285 883 376 915 ante
395 891 438 915 ac
457 891 577 927 prope
602 878 828 915 exsecrabili
855 877 987 914 factus.
1053 877 1197 923 Romae‚
1219 881 1265 914 ut
1283 882 1342 914 est

152 943 298 991 perlata
317 943 420 978 fama
437 942 494 978 rei
512 946 638 991 gestae,
661 942 748 979 dein
770 942 913 979 litteris
931 955 1008 978 non
1029 942 1149 991 magis
1169 942 1338 991 ipsorum

151 1009 425 1058 imperatorum
453 1021 566 1058 quam
588 1007 704 1056 vulgo
724 1007 895 1043 militum
915 1019 963 1043 ex
983 1011 1148 1055 utroque
1168 1007 1341 1044 exercitu

151 1074 349 1119 affirmata,
372 1087 440 1122 pro
459 1086 498 1110 se
517 1073 678 1122 quisque
699 1071 919 1107 Maximum
940 1071 1119 1107 laudibus
1137 1071 1186 1107 ad
1205 1070 1339 1125 caelum

121 1151 135 1174 8
151 1137 260 1174 ferre.
319 1137 396 1173 Par
421 1137 543 1185 gloria
566 1136 669 1184 apud
694 1135 955 1171 Hannibalem
978 1135 1181 1183 hostesque
1202 1134 1340 1172 Poenos

152 1205 260 1247 erat,
290 1213 332 1236 ac
361 1204 444 1237 tum
472 1200 623 1236 demum
655 1200 808 1245 sentire,
830 1212 917 1235 cum
945 1198 1133 1235 Romanis
1159 1203 1275 1247 atque
1298 1198 1339 1234 in

120 1265 269 1312 9Italia
299 1265 439 1301 bellum
468 1276 547 1301 esse
563 1277 572 1310 3
602 1277 691 1300 nam
725 1264 883 1300 biennio
917 1268 1007 1300 ante
1035 1264 1129 1300 adeo
1158 1268 1197 1300 et
1224 1264 1339 1300 duces

153 1329 347 1365 Romanos
385 1333 424 1365 et
461 1329 603 1365 milites
640 1333 875 1378 spreverant,
916 1332 961 1365 ut
991 1329 1058 1365 vix
1090 1342 1175 1365 cum
1207 1329 1337 1366 eadem

151 1397 264 1442 gente
290 1394 436 1430 bellum
464 1406 543 1430 esse
567 1393 777 1440 crederent,
807 1393 917 1430 cuius
950 1393 1166 1430 terribilem
1197 1394 1338 1430 famam

105 1479 135 1496 10
151 1471 174 1494 a
201 1459 377 1507 patribus
406 1458 650 1507 accepissent.
710 1458 972 1494 Hannibalem
1004 1471 1155 1507 quoque
1183 1472 1232 1495 ex
1259 1459 1340 1496 acie

151 1523 374 1560 redeuntem
408 1523 549 1560 dixisse
582 1524 724 1569 ferunt,
761 1523 916 1560 tandem
949 1535 1033 1559 eam
1066 1524 1219 1570 nubem,
1255 1536 1339 1572 quae

151 1587 280 1624 sedere
309 1588 350 1624 in
378 1587 479 1637 iugis
507 1588 700 1624 montium
730 1588 842 1625 solita
870 1587 932 1632 sit,
961 1600 1049 1624 cum
1078 1588 1243 1637 procella
1270 1588 1338 1625 im-

152 1652 256 1688 brem
278 1652 433 1688 dedisse.

85 1716 131 1752 31
232 1717 339 1753 Dum
369 1717 449 1753 haec
474 1722 663 1766 geruntur
693 1717 734 1752 in
762 1716 889 1763 Italia,
913 1716 981 1753 Cn.
1005 1716 1192 1754 Servilius
1212 1717 1339 1754 Gemi-

151 1795 416 1831 Servzliuslandspn
444 1794 517 1818 nus
536 1782 666 1817 consul
688 1794 774 1817 cum
802 1781 919 1817 classe
948 1787 1096 1818 centwm
1119 1781 1257 1829 viyinti
1275 1795 1339 1818 na-

151 1826 195 1880 iiire
203 1826 414 1886 ἷῗιῗῗιῖιῖἱῖῗῖἳὲ
445 1845 547 1881 vium
582 1845 860 1881 circumvectus
889 1844 1076 1881 Sardiniae
1104 1850 1144 1882 et
1177 1845 1339 1882 Corsicae

150 1886 243 1945 ildigfn
264 1887 331 1911 bad*
351 1888 413 1912 mm
443 1922 560 1955 oram,
590 1914 629 1945 et
657 1909 855 1945 obsidibus
883 1909 1068 1957 utrinque
1093 1910 1270 1959 acceptis,
1296 1910 1339 1947 in

120 1992 133 2007 2
155 1971 330 2008 Africam
369 1973 595 2020 transmisit,
642 1978 681 2009 et
725 1973 948 2022 priusquam
988 1975 1029 2009 in
1075 1975 1336 2011 continentem

154 2035 411 2072 escensionem
438 2037 590 2083 faceret,
620 2037 776 2086 Menige
806 2037 934 2074 insula
964 2042 1116 2075 vastata
1139 2042 1180 2075 et
1205 2039 1254 2075 ab
1283 2039 1337 2076 in-

151 2099 364 2137 colentibus
393 2100 604 2147 Cercinam,
631 2114 678 2137 ne
704 2106 742 2137 et
767 2102 935 2150 ipsorum
963 2106 1142 2139 ureretur
1159 2102 1338 2152 diripere-

150 2165 291 2212 turque
316 2176 416 2213 ager,
438 2165 567 2201 decem
593 2165 753 2202 talentis
776 2166 927 2215 argenti
953 2167 1130 2216 acceptis,
1150 2167 1198 2203 ad
1225 2168 1338 2205 litora

120 2244 133 2268 3
151 2226 293 2263 Africae
323 2229 479 2265 accessit
511 2230 715 2278 copiasque
749 2230 937 2279 exposuit.
996 2217 1096 2284 Inde
1129 2232 1177 2268 ad
1218 2245 1337 2282 popu-

150 2290 307 2328 landum
341 2305 474 2342 agrum
509 2294 613 2330 ducti
646 2295 789 2331 milites
825 2295 1058 2345 navalesque
1095 2296 1184 2333 socii
1228 2298 1359 2333 iuxta*
