1403 2438
502 231 668 268 LIBER
708 231 850 269 XXII.
1198 232 1270 269 117

81 343 166 380 que,
205 342 439 380 quamquam
478 331 595 379 probe
637 330 744 376 sciat,
785 330 1090 379 magnitudinem
1138 329 1271 379 populi

83 394 250 432 Romani
283 394 609 431 admirabiliorem
644 407 759 444 prope
797 395 969 431 adversis
1007 395 1118 431 rebus
1155 406 1270 443 quam

81 459 257 496 secundis
285 472 376 504 esse,
407 463 538 495 tamen
566 472 605 495 se
633 459 774 504 omnia,
796 459 936 507 quibus
964 472 987 495 a
1015 458 1126 495 bonis
1154 458 1271 494 fideli·
1288 475 1302 497 4

83 525 229 574 busque
262 524 371 560 sociis
406 524 505 560 bella
542 523 667 559 iuvari
701 522 859 568 soleant,
896 523 1068 569 misisse3
1107 536 1191 572 quae
1225 535 1272 559 ne

81 590 250 638 accipere
279 589 465 634 abnuant,
497 600 635 636 magno
664 600 777 637 opere
810 601 849 624 se
880 594 1009 637 patres
1039 587 1272 636 conscriptos

81 665 202 690 orare.
260 653 342 689 Iam
370 652 544 689 omnium
575 652 742 701 primum
762 653 902 689 ominis
922 665 1035 689 causa
1055 652 1270 688 Victoriam
1289 669 1303 692 5

80 729 234 754 auream
257 717 382 766 pondo
408 717 617 753 ducentum
647 729 690 753 ac
720 717 860 766 viginti
888 717 1023 753 afferre
1051 729 1140 753 sese.
1202 717 1273 752 Ac-

81 782 252 831 ciperent
287 794 369 818 eam
406 785 659 830 tenerentque
696 786 736 817 et
773 781 961 817 haberent
999 781 1195 830 propriam
1233 785 1273 817 et

82 851 315 896 perpetuam.
377 846 592 883 Advexisse
621 846 738 882 etiam
767 850 940 882 trecenta
959 846 1082 882 millia
1101 845 1272 882 modium
1289 857 1305 882 6

83 911 213 957 tritici,
252 911 420 948 ducenta
466 911 609 957 hordei,
651 923 699 946 ne
737 914 973 947 commeatus
1011 910 1198 956 deessent,
1234 914 1274 946 et

81 979 270 1025 quantum
300 979 482 1025 praeterea
511 988 605 1024 opus
634 979 743 1021 esset,
773 988 850 1024 quo
879 975 1090 1020 iussissent,
1118 975 1273 1010 subvec-

82 1045 197 1077 turos.
260 1040 388 1076 Milite
426 1045 542 1089 atque
581 1039 712 1089 equite
749 1040 845 1076 scire
881 1039 952 1075 nisi
993 1039 1170 1075 Romano
1206 1039 1273 1074 La-
1292 1060 1305 1082 7

83 1105 232 1155 tinique
252 1105 419 1141 nominis
446 1118 522 1141 non
552 1105 610 1140 uti
639 1105 824 1153 populum
856 1104 1073 1140 Romanum
1089 1117 1099 1150 ;
1128 1103 1273 1140 levium

82 1182 274 1206 armornm
313 1169 459 1205 auxilia
506 1169 623 1205 etiam
672 1173 834 1206 externa
875 1168 1015 1205 vidisse
1062 1169 1101 1204 in
1141 1168 1274 1205 castris

84 1233 280 1270 Romanis.
338 1233 479 1282 1taque
500 1233 647 1270 misisse
667 1233 772 1270 mille
800 1233 1086 1282 sagittariorum
1117 1246 1160 1269 ac
1189 1234 1273 1268 fun·
1292 1247 1305 1270 8

83 1291 264 1343 ditorum,
286 1301 414 1346 aptam
451 1310 606 1333 manum
636 1298 819 1334 adversus
847 1297 1019 1334 Baliares
1046 1311 1089 1334 ac
1114 1297 1274 1334 Mauros

84 1374 350 1411 pugnacesque
387 1361 482 1398 alias
521 1362 655 1398 missili
689 1362 767 1399 telo
799 1367 941 1411 gentes.
1001 1362 1066 1398 Ad
1099 1375 1143 1398 ea
1175 1362 1306 1403 dona9

83 1426 285 1463 consilium
316 1438 468 1475 quoque
499 1426 702 1473 addebant,
737 1432 780 1463 ut
809 1431 959 1476 praetor,
987 1426 1048 1462 cui
1080 1426 1276 1475 provincia

85 1491 216 1528 Sicilia
244 1491 446 1536 evenisset,
476 1491 632 1527 classem
664 1491 705 1527 in
734 1491 907 1527 Africam
939 1490 1141 1536 traficeret,
1164 1496 1208 1526 ut
1237 1494 1276 1526 et

84 1556 210 1592 hostes
239 1556 280 1591 in
310 1560 414 1592 terra
438 1568 506 1591 sua
538 1555 678 1591 bellum
712 1556 907 1601 haberent,
942 1556 1144 1604 minusque
1174 1555 1276 1591 laxa-

85 1620 205 1656 menti
226 1620 383 1656 daretur
407 1620 453 1656 iis
482 1620 530 1656 ad
560 1620 707 1656 auxilia
738 1620 955 1656 Hannibali
985 1619 1273 1656 summittenda.

87 1685 151 1720 Ab
172 1687 305 1721 senatu
329 1684 383 1720 ita
411 1696 634 1732 responsum
666 1684 745 1733 regi
775 1689 842 1731 est,
867 1684 991 1720 virum
1013 1684 1155 1720 bonum
1176 1696 1277 1732 egre-
1296 1703 1327 1720 ιο

83 1748 266 1797 giumque
288 1748 430 1784 socium
463 1748 676 1785 Hieronem
706 1761 785 1785 esse
814 1753 929 1797 atque
959 1760 1036 1784 uno
1065 1752 1207 1793 tenore,
1229 1761 1277 1784 ex

84 1826 160 1862 quo
193 1813 233 1849 in
267 1812 476 1849 amicitiam
510 1813 642 1862 populi
676 1812 843 1849 Romani
880 1812 1039 1858 venerit,
1075 1813 1185 1850 fidem
1221 1826 1276 1849 co-

86 1877 199 1914 luisse
218 1890 262 1914 ac
280 1890 361 1914 rem
383 1877 599 1914 Romanam
620 1877 725 1914 omni
746 1881 917 1926 tempore
937 1890 980 1913 ac
1000 1877 1081 1913 loco
1098 1878 1277 1914 munifice

85 1941 287 1978 adiuvisse.
346 1941 393 1978 Id
441 1941 612 1990 perinde,
650 1954 694 1978 ac
737 1941 904 1988 deberet,
943 1945 1097 1990 gratum
1136 1942 1277 1991 populo

86 2005 262 2042 Romano
308 2018 396 2042 esse.
460 2006 610 2042 Aurum
650 2010 689 2042 et
726 2019 749 2042 a
785 2006 1011 2043 civitatibus
1047 2007 1277 2055 quibusdam
1295 2026 1323 2044 n

85 2069 258 2116 allatum,
296 2070 421 2119 gratia
459 2070 512 2107 rei
551 2075 716 2120 accepta,
753 2083 831 2107 non
869 2071 1055 2120 accepisse
1093 2071 1276 2120 populum

87 2134 305 2170 Romanum
320 2147 330 2180 ς
362 2133 575 2171 Victoriam
602 2147 790 2184 omenque
817 2135 999 2184 accipere,
1020 2135 1223 2185 sedemque
1243 2136 1278 2173 ei
1296 2148 1326 2178 ιφ

85 2210 124 2235 se
143 2198 242 2234 divae
262 2198 351 2234 dare
372 2199 498 2235 dicare
519 2199 767 2248 Capitolium,
789 2199 976 2249 templum
1009 2199 1113 2237 Iovis
1140 2200 1277 2249 optimi

86 2263 257 2300 maximi.
304 2263 353 2299 In
373 2276 418 2300 ea
437 2276 521 2301 arce
543 2264 648 2301 urbis
671 2265 854 2300 Romanae
873 2269 1060 2301 sacratam
1086 2264 1275 2301 volentem

85 2327 378 2378 propitiamque‚
396 2330 544 2364 firmam
564 2342 607 2365 ac
627 2329 801 2366 stabilem
825 2329 905 2365 fore
926 2329 1066 2378 populo
1089 2329 1273 2367 Romano.
1302 2332 1307 2361 ί
