<?xml version="1.0" encoding="UTF-8"?>
<!DOCTYPE html PUBLIC "-//W3C//DTD XHTML 1.0 Transitional//EN"
    "http://www.w3.org/TR/xhtml1/DTD/xhtml1-transitional.dtd">
<html xmlns="http://www.w3.org/1999/xhtml" xml:lang="en" lang="en">
 <head>
  <title>
</title>
<meta http-equiv="Content-Type" content="text/html;charset=utf-8" />
  <meta name='ocr-system' content='tesseract 3.04.00' />
  <meta name='ocr-capabilities' content='ocr_page ocr_carea ocr_par ocr_line ocrx_word'/>
</head>
<body>
  <div class='ocr_page' id='page_1' title='image "./booksxxixxiihann00livyuoft_0139.png"; bbox 0 0 1403 2438; ppageno 0'>
   <div class='ocr_carea' id='block_1_1' title="bbox 456 153 1222 190">
    <p class='ocr_par' dir='ltr' id='par_1_1' title="bbox 456 153 1222 190">
     <span class='ocr_line' id='line_1_1' title="bbox 456 153 1222 190; baseline -0.001 0"><span class='ocrx_word' id='word_1_1' title='bbox 456 153 624 190; x_wconf 71' lang='lat' dir='ltr'><em>LIBER</em></span> <span class='ocrx_word' id='word_1_2' title='bbox 661 153 803 190; x_wconf 87' lang='lat' dir='ltr'><em>XXII.</em></span> <span class='ocrx_word' id='word_1_3' title='bbox 1174 153 1222 189; x_wconf 87' lang='lat'>73</span> 
     </span>
    </p>
   </div>
   <div class='ocr_carea' id='block_1_2' title="bbox 29 250 1272 2230">
    <p class='ocr_par' dir='ltr' id='par_1_2' title="bbox 29 250 1272 2230">
     <span class='ocr_line' id='line_1_2' title="bbox 36 250 1224 300; baseline -0.002 -13"><span class='ocrx_word' id='word_1_4' title='bbox 36 250 155 300; x_wconf 82' lang='lat' dir='ltr'>sequi,</span> <span class='ocrx_word' id='word_1_5' title='bbox 177 263 246 287; x_wconf 90' lang='lat' dir='ltr'>nec</span> <span class='ocrx_word' id='word_1_6' title='bbox 274 250 358 287; x_wconf 81' lang='lat' dir='ltr'>sine</span> <span class='ocrx_word' id='word_1_7' title='bbox 385 251 567 298; x_wconf 80' lang='lat' dir='ltr'><strong>auspiciis</strong></span> <span class='ocrx_word' id='word_1_8' title='bbox 596 251 812 299; x_wconf 84' lang='lat' dir='ltr'>profectum</span> <span class='ocrx_word' id='word_1_9' title='bbox 832 250 871 285; x_wconf 89' lang='lat' dir='ltr'>in</span> <span class='ocrx_word' id='word_1_10' title='bbox 893 256 1052 286; x_wconf 75' lang='lat' dir='ltr'>externo</span> <span class='ocrx_word' id='word_1_11' title='bbox 1075 264 1120 286; x_wconf 81' lang='lat' dir='ltr'>ea</span> <span class='ocrx_word' id='word_1_12' title='bbox 1144 250 1224 286; x_wconf 89' lang='lat' dir='ltr'>solo</span> 
     </span>
     <span class='ocr_line' id='line_1_3' title="bbox 36 314 1257 364; baseline -0.002 -12"><span class='ocrx_word' id='word_1_13' title='bbox 36 328 138 352; x_wconf 81' lang='lat' dir='ltr'>nova.</span> <span class='ocrx_word' id='word_1_14' title='bbox 155 319 272 364; x_wconf 83' lang='lat' dir='ltr'>atque</span> <span class='ocrx_word' id='word_1_15' title='bbox 293 315 446 363; x_wconf 84' lang='lat' dir='ltr'>integra</span> <span class='ocrx_word' id='word_1_16' title='bbox 464 315 662 363; x_wconf 81' lang='lat' dir='ltr'>concipere</span> <span class='ocrx_word' id='word_1_17' title='bbox 678 327 796 363; x_wconf 87' lang='lat' dir='ltr'>posse.</span> <span class='ocrx_word' id='word_1_18' title='bbox 845 314 1056 363; x_wconf 81' lang='lat' dir='ltr'>Augebant</span> <span class='ocrx_word' id='word_1_19' title='bbox 1075 317 1222 350; x_wconf 87' lang='lat' dir='ltr'>metum</span> <span class='ocrx_word' id='word_1_20' title='bbox 1241 321 1257 348; x_wconf 91' lang='lat'><em>8</em></span> 
     </span>
     <span class='ocr_line' id='line_1_4' title="bbox 36 378 1224 429; baseline -0.002 -13"><span class='ocrx_word' id='word_1_21' title='bbox 36 379 210 429; x_wconf 83' lang='lat' dir='ltr'>prodigia</span> <span class='ocrx_word' id='word_1_22' title='bbox 237 391 286 416; x_wconf 85' lang='lat' dir='ltr'>ex</span> <span class='ocrx_word' id='word_1_23' title='bbox 314 379 492 428; x_wconf 87' lang='lat' dir='ltr'>pluribus</span> <span class='ocrx_word' id='word_1_24' title='bbox 520 378 635 414; x_wconf 85' lang='lat' dir='ltr'>simul</span> <span class='ocrx_word' id='word_1_25' title='bbox 667 378 759 414; x_wconf 88' lang='lat' dir='ltr'>locis</span> <span class='ocrx_word' id='word_1_26' title='bbox 790 378 994 424; x_wconf 79' lang='lat' dir='ltr'>nuntiata3</span> <span class='ocrx_word' id='word_1_27' title='bbox 1023 379 1064 414; x_wconf 91' lang='lat' dir='ltr'>in</span> <span class='ocrx_word' id='word_1_28' title='bbox 1093 378 1224 415; x_wconf 80' lang='lat' dir='ltr'>Sicilia</span> 
     </span>
     <span class='ocr_line' id='line_1_5' title="bbox 36 443 1223 493; baseline -0.002 -12"><span class='ocrx_word' id='word_1_29' title='bbox 36 444 225 481; x_wconf 72' lang='lat' dir='ltr'>militibus</span> <span class='ocrx_word' id='word_1_30' title='bbox 248 444 397 493; x_wconf 78' lang='lat' dir='ltr'>aliquot</span> <span class='ocrx_word' id='word_1_31' title='bbox 422 444 578 492; x_wconf 81' lang='lat' dir='ltr'>spicula,</span> <span class='ocrx_word' id='word_1_32' title='bbox 606 443 647 479; x_wconf 84' lang='lat' dir='ltr'>iu</span> <span class='ocrx_word' id='word_1_33' title='bbox 676 443 856 479; x_wconf 79' lang='lat' dir='ltr'>Sardinia</span> <span class='ocrx_word' id='word_1_34' title='bbox 883 447 1013 479; x_wconf 83' lang='lat' dir='ltr'>autem</span> <span class='ocrx_word' id='word_1_35' title='bbox 1042 443 1084 479; x_wconf 90' lang='lat' dir='ltr'>in</span> <span class='ocrx_word' id='word_1_36' title='bbox 1114 455 1223 479; x_wconf 87' lang='lat' dir='ltr'>muro</span> 
     </span>
     <span class='ocr_line' id='line_1_6' title="bbox 35 506 1224 563; baseline 0 -21"><span class='ocrx_word' id='word_1_37' title='bbox 35 507 290 543; x_wconf 80' lang='lat' dir='ltr'>circumeunti</span> <span class='ocrx_word' id='word_1_38' title='bbox 339 506 490 555; x_wconf 84' lang='lat' dir='ltr'>vigilias</span> <span class='ocrx_word' id='word_1_39' title='bbox 536 506 659 555; x_wconf 88' lang='lat' dir='ltr'>equiti</span> <span class='ocrx_word' id='word_1_40' title='bbox 706 506 927 554; x_wconf 82' lang='lat' dir='ltr'>scipionem,</span> <span class='ocrx_word' id='word_1_41' title='bbox 956 533 1011 557; x_wconf 75' lang='lat' dir='ltr'>and</span> <span class='ocrx_word' id='word_1_42' title='bbox 1023 532 1224 563; x_wconf 57' lang='lat' dir='ltr'>bytherepeav</span> 
     </span>
     <span class='ocr_line' id='line_1_7' title="bbox 35 563 1124 620; baseline -0.001 -12"><span class='ocrx_word' id='word_1_43' title='bbox 35 584 149 620; x_wconf 91' lang='lat' dir='ltr'>quem</span> <span class='ocrx_word' id='word_1_44' title='bbox 180 583 299 608; x_wconf 91' lang='lat' dir='ltr'>manu</span> <span class='ocrx_word' id='word_1_45' title='bbox 329 575 518 617; x_wconf 85' lang='lat' dir='ltr'>tenuerat,</span> <span class='ocrx_word' id='word_1_46' title='bbox 551 571 698 616; x_wconf 78' lang='lat' dir='ltr'>arsisse,</span> <span class='ocrx_word' id='word_1_47' title='bbox 737 575 776 607; x_wconf 88' lang='lat' dir='ltr'>et</span> <span class='ocrx_word' id='word_1_48' title='bbox 814 570 928 607; x_wconf 87' lang='lat' dir='ltr'>litora</span> <span class='ocrx_word' id='word_1_49' title='bbox 957 563 990 588; x_wconf 64' lang='lat' dir='ltr'>ed</span> <span class='ocrx_word' id='word_1_50' title='bbox 1002 565 1124 594; x_wconf 80' lang='lat' dir='ltr'>porteuts</span> 
     </span>
     <span class='ocr_line' id='line_1_8' title="bbox 34 632 1258 683; baseline -0.002 -12"><span class='ocrx_word' id='word_1_51' title='bbox 34 634 177 671; x_wconf 82' lang='lat' dir='ltr'>crebris</span> <span class='ocrx_word' id='word_1_52' title='bbox 195 633 351 683; x_wconf 87' lang='lat' dir='ltr'>ignibus</span> <span class='ocrx_word' id='word_1_53' title='bbox 370 633 534 679; x_wconf 84' lang='lat' dir='ltr'>fulsisse,</span> <span class='ocrx_word' id='word_1_54' title='bbox 555 638 596 670; x_wconf 90' lang='lat' dir='ltr'>et</span> <span class='ocrx_word' id='word_1_55' title='bbox 614 637 722 671; x_wconf 79' lang='lat' dir='ltr'>scuta</span> <span class='ocrx_word' id='word_1_56' title='bbox 747 633 823 670; x_wconf 90' lang='lat' dir='ltr'>duo</span> <span class='ocrx_word' id='word_1_57' title='bbox 849 633 1036 682; x_wconf 85' lang='lat' dir='ltr'>sanguine</span> <span class='ocrx_word' id='word_1_58' title='bbox 1055 632 1221 678; x_wconf 75' lang='lat' dir='ltr'>sudasse,</span> <span class='ocrx_word' id='word_1_59' title='bbox 1241 651 1258 674; x_wconf 88' lang='lat'>9</span> 
     </span>
     <span class='ocr_line' id='line_1_9' title="bbox 33 697 1222 746; baseline -0.002 -12"><span class='ocrx_word' id='word_1_60' title='bbox 33 702 74 734; x_wconf 81' lang='lat' dir='ltr'>et</span> <span class='ocrx_word' id='word_1_61' title='bbox 109 697 253 734; x_wconf 83' lang='lat' dir='ltr'>milites</span> <span class='ocrx_word' id='word_1_62' title='bbox 290 697 477 746; x_wconf 86' lang='lat' dir='ltr'>quosdam</span> <span class='ocrx_word' id='word_1_63' title='bbox 508 697 605 734; x_wconf 86' lang='lat' dir='ltr'>ictos</span> <span class='ocrx_word' id='word_1_64' title='bbox 633 697 874 744; x_wconf 84' lang='lat' dir='ltr'>fulminibus,</span> <span class='ocrx_word' id='word_1_65' title='bbox 901 703 940 735; x_wconf 89' lang='lat' dir='ltr'>et</span> <span class='ocrx_word' id='word_1_66' title='bbox 967 698 1058 735; x_wconf 89' lang='lat' dir='ltr'>solis</span> <span class='ocrx_word' id='word_1_67' title='bbox 1091 697 1222 733; x_wconf 85' lang='lat' dir='ltr'>orbem</span> 
     </span>
     <span class='ocr_line' id='line_1_10' title="bbox 36 761 1223 812; baseline -0.001 -14"><span class='ocrx_word' id='word_1_68' title='bbox 36 761 159 798; x_wconf 87' lang='lat' dir='ltr'>minui</span> <span class='ocrx_word' id='word_1_69' title='bbox 183 762 322 808; x_wconf 82' lang='lat' dir='ltr'>visum,</span> <span class='ocrx_word' id='word_1_70' title='bbox 347 767 386 798; x_wconf 87' lang='lat' dir='ltr'>et</span> <span class='ocrx_word' id='word_1_71' title='bbox 414 761 610 799; x_wconf 86' lang='lat' dir='ltr'>Praeneste</span> <span class='ocrx_word' id='word_1_72' title='bbox 638 763 815 799; x_wconf 78' lang='lat' dir='ltr'>ardentes</span> <span class='ocrx_word' id='word_1_73' title='bbox 843 762 989 812; x_wconf 87' lang='lat' dir='ltr'>lapides</span> <span class='ocrx_word' id='word_1_74' title='bbox 1014 761 1106 799; x_wconf 87' lang='lat' dir='ltr'>caelo</span> <span class='ocrx_word' id='word_1_75' title='bbox 1132 761 1223 798; x_wconf 87' lang='lat' dir='ltr'>ceci-</span> 
     </span>
     <span class='ocr_line' id='line_1_11' title="bbox 34 826 1223 876; baseline 0 -14"><span class='ocrx_word' id='word_1_76' title='bbox 34 826 144 872; x_wconf 87' lang='lat' dir='ltr'>disse,</span> <span class='ocrx_word' id='word_1_77' title='bbox 177 831 216 863; x_wconf 91' lang='lat' dir='ltr'>et</span> <span class='ocrx_word' id='word_1_78' title='bbox 248 826 368 875; x_wconf 89' lang='lat' dir='ltr'>Arpis</span> <span class='ocrx_word' id='word_1_79' title='bbox 397 839 549 875; x_wconf 85' lang='lat' dir='ltr'>parmas</span> <span class='ocrx_word' id='word_1_80' title='bbox 579 826 620 862; x_wconf 92' lang='lat' dir='ltr'>in</span> <span class='ocrx_word' id='word_1_81' title='bbox 654 827 744 864; x_wconf 88' lang='lat' dir='ltr'>caelo</span> <span class='ocrx_word' id='word_1_82' title='bbox 779 827 878 863; x_wconf 85' lang='lat' dir='ltr'>visas</span> <span class='ocrx_word' id='word_1_83' title='bbox 909 830 1223 876; x_wconf 83' lang='lat' dir='ltr'>pugnantemque</span> 
     </span>
     <span class='ocr_line' id='line_1_12' title="bbox 35 891 1271 941; baseline -0.002 -13"><span class='ocrx_word' id='word_1_84' title='bbox 35 905 122 928; x_wconf 89' lang='lat' dir='ltr'>cum</span> <span class='ocrx_word' id='word_1_85' title='bbox 142 892 235 928; x_wconf 89' lang='lat' dir='ltr'>luna</span> <span class='ocrx_word' id='word_1_86' title='bbox 254 892 384 938; x_wconf 86' lang='lat' dir='ltr'>solem,</span> <span class='ocrx_word' id='word_1_87' title='bbox 408 896 447 928; x_wconf 86' lang='lat' dir='ltr'>et</span> <span class='ocrx_word' id='word_1_88' title='bbox 467 891 628 941; x_wconf 77' lang='lat' dir='ltr'>Oapenae</span> <span class='ocrx_word' id='word_1_89' title='bbox 655 892 750 928; x_wconf 79' lang='lat' dir='ltr'>duas</span> <span class='ocrx_word' id='word_1_90' title='bbox 779 891 949 929; x_wconf 83' lang='lat' dir='ltr'>interdiu</span> <span class='ocrx_word' id='word_1_91' title='bbox 974 892 1086 928; x_wconf 88' lang='lat' dir='ltr'>lunas</span> <span class='ocrx_word' id='word_1_92' title='bbox 1105 896 1220 936; x_wconf 87' lang='lat' dir='ltr'>ortas,</span> <span class='ocrx_word' id='word_1_93' title='bbox 1241 910 1271 926; x_wconf 78' lang='grc' dir='ltr'>ιο</span> 
     </span>
     <span class='ocr_line' id='line_1_13' title="bbox 35 956 1224 1006; baseline -0.002 -12"><span class='ocrx_word' id='word_1_94' title='bbox 35 961 75 994; x_wconf 90' lang='lat' dir='ltr'>et</span> <span class='ocrx_word' id='word_1_95' title='bbox 99 969 217 1006; x_wconf 83' lang='lat' dir='ltr'>aquas</span> <span class='ocrx_word' id='word_1_96' title='bbox 245 956 410 994; x_wconf 86' lang='lat' dir='ltr'>Caeretes</span> <span class='ocrx_word' id='word_1_97' title='bbox 436 957 623 1006; x_wconf 86' lang='lat' dir='ltr'>sanguine</span> <span class='ocrx_word' id='word_1_98' title='bbox 650 957 792 994; x_wconf 83' lang='lat' dir='ltr'>mixtas</span> <span class='ocrx_word' id='word_1_99' title='bbox 818 956 974 993; x_wconf 83' lang='lat' dir='ltr'>fluxisse</span> <span class='ocrx_word' id='word_1_100' title='bbox 1000 956 1224 1004; x_wconf 81' lang='lat' dir='ltr'>fontemque</span> 
     </span>
     <span class='ocr_line' id='line_1_14' title="bbox 34 1019 1220 1071; baseline 0.002 -14"><span class='ocrx_word' id='word_1_101' title='bbox 34 1021 160 1070; x_wconf 89' lang='lat' dir='ltr'>ipsum</span> <span class='ocrx_word' id='word_1_102' title='bbox 190 1021 372 1058; x_wconf 82' lang='lat' dir='ltr'>Herculis</span> <span class='ocrx_word' id='word_1_103' title='bbox 400 1023 573 1058; x_wconf 88' lang='lat' dir='ltr'>cruentis</span> <span class='ocrx_word' id='word_1_104' title='bbox 601 1035 776 1059; x_wconf 82' lang='lat' dir='ltr'>manasse</span> <span class='ocrx_word' id='word_1_105' title='bbox 805 1033 1019 1071; x_wconf 87' lang='lat' dir='ltr'>respersum</span> <span class='ocrx_word' id='word_1_106' title='bbox 1047 1019 1220 1059; x_wconf 80' lang='lat' dir='ltr'>maculis,</span> 
     </span>
     <span class='ocr_line' id='line_1_15' title="bbox 32 1084 1217 1133; baseline -0.002 -11"><span class='ocrx_word' id='word_1_107' title='bbox 32 1090 73 1122; x_wconf 87' lang='lat' dir='ltr'>et</span> <span class='ocrx_word' id='word_1_108' title='bbox 105 1085 223 1122; x_wconf 83' lang='lat' dir='ltr'>Antii</span> <span class='ocrx_word' id='word_1_109' title='bbox 254 1085 490 1122; x_wconf 82' lang='lat' dir='ltr'>metentibus</span> <span class='ocrx_word' id='word_1_110' title='bbox 523 1090 701 1122; x_wconf 85' lang='lat' dir='ltr'>cruentas</span> <span class='ocrx_word' id='word_1_111' title='bbox 731 1086 772 1122; x_wconf 90' lang='lat' dir='ltr'>in</span> <span class='ocrx_word' id='word_1_112' title='bbox 802 1086 954 1123; x_wconf 85' lang='lat' dir='ltr'>corbem</span> <span class='ocrx_word' id='word_1_113' title='bbox 982 1084 1104 1133; x_wconf 89' lang='lat' dir='ltr'>spicas</span> <span class='ocrx_word' id='word_1_114' title='bbox 1132 1084 1217 1120; x_wconf 86' lang='lat' dir='ltr'>ceci-</span> 
     </span>
     <span class='ocr_line' id='line_1_16' title="bbox 32 1149 1268 1201; baseline 0 -15"><span class='ocrx_word' id='word_1_115' title='bbox 32 1149 143 1197; x_wconf 83' lang='lat' dir='ltr'>disse,</span> <span class='ocrx_word' id='word_1_116' title='bbox 161 1156 200 1188; x_wconf 90' lang='lat' dir='ltr'>et</span> <span class='ocrx_word' id='word_1_117' title='bbox 219 1151 381 1189; x_wconf 77' lang='lat' dir='ltr'>Faleriis</span> <span class='ocrx_word' id='word_1_118' title='bbox 400 1152 538 1189; x_wconf 82' lang='lat' dir='ltr'>caelum</span> <span class='ocrx_word' id='word_1_119' title='bbox 557 1153 651 1189; x_wconf 83' lang='lat' dir='ltr'>findi</span> <span class='ocrx_word' id='word_1_120' title='bbox 666 1152 776 1189; x_wconf 87' lang='lat' dir='ltr'>velut</span> <span class='ocrx_word' id='word_1_121' title='bbox 794 1164 933 1201; x_wconf 84' lang='lat' dir='ltr'>magno</span> <span class='ocrx_word' id='word_1_122' title='bbox 951 1151 1063 1187; x_wconf 90' lang='lat' dir='ltr'>hiatu</span> <span class='ocrx_word' id='word_1_123' title='bbox 1079 1150 1218 1195; x_wconf 73' lang='lat' dir='ltr'>visum,</span> <span class='ocrx_word' id='word_1_124' title='bbox 1243 1169 1268 1186; x_wconf 73' lang='grc' dir='ltr'>ιι</span> 
     </span>
     <span class='ocr_line' id='line_1_17' title="bbox 33 1216 1220 1266; baseline -0.002 -15"><span class='ocrx_word' id='word_1_125' title='bbox 33 1227 184 1264; x_wconf 85' lang='lat' dir='ltr'>quaque</span> <span class='ocrx_word' id='word_1_126' title='bbox 211 1218 392 1265; x_wconf 86' lang='lat' dir='ltr'>patuerit,</span> <span class='ocrx_word' id='word_1_127' title='bbox 423 1217 559 1266; x_wconf 88' lang='lat' dir='ltr'>ingens</span> <span class='ocrx_word' id='word_1_128' title='bbox 587 1217 720 1253; x_wconf 87' lang='lat' dir='ltr'>lumen</span> <span class='ocrx_word' id='word_1_129' title='bbox 749 1216 962 1261; x_wconf 83' lang='lat' dir='ltr'>effulsisse;</span> <span class='ocrx_word' id='word_1_130' title='bbox 998 1219 1120 1251; x_wconf 79' lang='lat' dir='ltr'>sortes</span> <span class='ocrx_word' id='word_1_131' title='bbox 1151 1226 1220 1250; x_wconf 86' lang='lat' dir='ltr'>sua</span> 
     </span>
     <span class='ocr_line' id='line_1_18' title="bbox 32 1279 1220 1330; baseline 0.001 -15"><span class='ocrx_word' id='word_1_132' title='bbox 32 1283 169 1327; x_wconf 89' lang='lat' dir='ltr'>sponte</span> <span class='ocrx_word' id='word_1_133' title='bbox 198 1284 430 1327; x_wconf 83' lang='lat' dir='ltr'>attenuatas,</span> <span class='ocrx_word' id='word_1_134' title='bbox 464 1293 659 1330; x_wconf 85' lang='lat' dir='ltr'>unamque</span> <span class='ocrx_word' id='word_1_135' title='bbox 697 1280 883 1317; x_wconf 80' lang='lat' dir='ltr'>excidisse</span> <span class='ocrx_word' id='word_1_136' title='bbox 921 1279 977 1316; x_wconf 88' lang='lat' dir='ltr'>ita</span> <span class='ocrx_word' id='word_1_137' title='bbox 1014 1279 1220 1328; x_wconf 87' lang='lat' dir='ltr'>scriptam:</span> 
     </span>
     <span class='ocr_line' id='line_1_19' title="bbox 35 1342 1272 1394; baseline 0.002 -15"><span class='ocrx_word' id='word_1_138' title='bbox 35 1342 228 1380; x_wconf 81' lang='lat' dir='ltr'>“Mavors</span> <span class='ocrx_word' id='word_1_139' title='bbox 255 1344 377 1381; x_wconf 87' lang='lat' dir='ltr'>telum</span> <span class='ocrx_word' id='word_1_140' title='bbox 404 1357 518 1381; x_wconf 88' lang='lat' dir='ltr'>suum</span> <span class='ocrx_word' id='word_1_141' title='bbox 547 1345 754 1392; x_wconf 87' lang='lat' dir='ltr'>concutit,⁷’</span> <span class='ocrx_word' id='word_1_142' title='bbox 779 1349 818 1382; x_wconf 89' lang='lat' dir='ltr'>et</span> <span class='ocrx_word' id='word_1_143' title='bbox 845 1358 913 1394; x_wconf 89' lang='lat' dir='ltr'>per</span> <span class='ocrx_word' id='word_1_144' title='bbox 938 1344 1040 1381; x_wconf 88' lang='lat' dir='ltr'>idem</span> <span class='ocrx_word' id='word_1_145' title='bbox 1066 1347 1220 1392; x_wconf 89' lang='lat' dir='ltr'>tempus</span> <span class='ocrx_word' id='word_1_146' title='bbox 1244 1366 1272 1382; x_wconf 86' lang='lat'>12</span> 
     </span>
     <span class='ocr_line' id='line_1_20' title="bbox 33 1406 1220 1459; baseline 0 -16"><span class='ocrx_word' id='word_1_147' title='bbox 33 1406 166 1445; x_wconf 85' lang='lat' dir='ltr'>Romae</span> <span class='ocrx_word' id='word_1_148' title='bbox 185 1409 337 1458; x_wconf 90' lang='lat' dir='ltr'>signum</span> <span class='ocrx_word' id='word_1_149' title='bbox 359 1409 502 1446; x_wconf 77' lang='lat' dir='ltr'>Martis</span> <span class='ocrx_word' id='word_1_150' title='bbox 521 1410 653 1459; x_wconf 85' lang='lat' dir='ltr'>Appia</span> <span class='ocrx_word' id='word_1_151' title='bbox 671 1409 736 1445; x_wconf 86' lang='lat' dir='ltr'>via</span> <span class='ocrx_word' id='word_1_152' title='bbox 754 1422 798 1446; x_wconf 89' lang='lat' dir='ltr'>ac</span> <span class='ocrx_word' id='word_1_153' title='bbox 816 1409 1020 1446; x_wconf 86' lang='lat' dir='ltr'>simulacra</span> <span class='ocrx_word' id='word_1_154' title='bbox 1039 1407 1220 1457; x_wconf 89' lang='lat' dir='ltr'>luporum</span> 
     </span>
     <span class='ocr_line' id='line_1_21' title="bbox 32 1471 1221 1522; baseline 0.001 -15"><span class='ocrx_word' id='word_1_155' title='bbox 32 1471 198 1519; x_wconf 84' lang='lat' dir='ltr'>sudasse,</span> <span class='ocrx_word' id='word_1_156' title='bbox 219 1477 258 1509; x_wconf 88' lang='lat' dir='ltr'>et</span> <span class='ocrx_word' id='word_1_157' title='bbox 279 1471 420 1522; x_wconf 85' lang='lat' dir='ltr'>Capuae</span> <span class='ocrx_word' id='word_1_158' title='bbox 440 1473 603 1522; x_wconf 84' lang='lat' dir='ltr'>speciem</span> <span class='ocrx_word' id='word_1_159' title='bbox 619 1473 701 1510; x_wconf 86' lang='lat' dir='ltr'>caeli</span> <span class='ocrx_word' id='word_1_160' title='bbox 720 1473 892 1510; x_wconf 88' lang='lat' dir='ltr'>ardentis</span> <span class='ocrx_word' id='word_1_161' title='bbox 911 1473 1028 1509; x_wconf 87' lang='lat' dir='ltr'>fuisse</span> <span class='ocrx_word' id='word_1_162' title='bbox 1043 1472 1221 1521; x_wconf 88' lang='lat' dir='ltr'>lunaeque</span> 
     </span>
     <span class='ocr_line' id='line_1_22' title="bbox 33 1535 1270 1584; baseline 0.001 -12"><span class='ocrx_word' id='word_1_163' title='bbox 33 1536 136 1572; x_wconf 84' lang='lat' dir='ltr'>inter</span> <span class='ocrx_word' id='word_1_164' title='bbox 162 1535 326 1573; x_wconf 90' lang='lat' dir='ltr'>imbrem</span> <span class='ocrx_word' id='word_1_165' title='bbox 354 1537 536 1574; x_wconf 86' lang='lat' dir='ltr'>cadentis.</span> <span class='ocrx_word' id='word_1_166' title='bbox 599 1537 697 1574; x_wconf 86' lang='lat' dir='ltr'>Inde</span> <span class='ocrx_word' id='word_1_167' title='bbox 723 1537 939 1574; x_wconf 87' lang='lat' dir='ltr'>minoribus</span> <span class='ocrx_word' id='word_1_168' title='bbox 966 1537 1084 1574; x_wconf 79' lang='lat' dir='ltr'>etiam</span> <span class='ocrx_word' id='word_1_169' title='bbox 1111 1537 1220 1574; x_wconf 91' lang='lat' dir='ltr'>dictu</span> <span class='ocrx_word' id='word_1_170' title='bbox 1243 1560 1270 1584; x_wconf 72' lang='lat'>,3</span> 
     </span>
     <span class='ocr_line' id='line_1_23' title="bbox 34 1599 1217 1650; baseline 0 -13"><span class='ocrx_word' id='word_1_171' title='bbox 34 1599 217 1649; x_wconf 87' lang='lat' dir='ltr'>prodigiis</span> <span class='ocrx_word' id='word_1_172' title='bbox 229 1601 322 1637; x_wconf 87' lang='lat' dir='ltr'>fides</span> <span class='ocrx_word' id='word_1_173' title='bbox 337 1600 490 1638; x_wconf 87' lang='lat' dir='ltr'>habita:</span> <span class='ocrx_word' id='word_1_174' title='bbox 512 1613 645 1650; x_wconf 82' lang='lat' dir='ltr'>capras</span> <span class='ocrx_word' id='word_1_175' title='bbox 663 1601 814 1638; x_wconf 85' lang='lat' dir='ltr'>lanatas</span> <span class='ocrx_word' id='word_1_176' title='bbox 835 1601 1067 1650; x_wconf 82' lang='lat' dir='ltr'>quibusdam</span> <span class='ocrx_word' id='word_1_177' title='bbox 1087 1600 1217 1646; x_wconf 85' lang='lat' dir='ltr'>factas,</span> 
     </span>
     <span class='ocr_line' id='line_1_24' title="bbox 31 1664 1220 1715; baseline 0.002 -13"><span class='ocrx_word' id='word_1_178' title='bbox 31 1669 72 1702; x_wconf 89' lang='lat' dir='ltr'>et</span> <span class='ocrx_word' id='word_1_179' title='bbox 102 1664 285 1714; x_wconf 85' lang='lat' dir='ltr'>gallinam</span> <span class='ocrx_word' id='word_1_180' title='bbox 314 1666 356 1702; x_wconf 88' lang='lat' dir='ltr'>in</span> <span class='ocrx_word' id='word_1_181' title='bbox 384 1678 541 1709; x_wconf 86' lang='lat' dir='ltr'>marem,</span> <span class='ocrx_word' id='word_1_182' title='bbox 573 1665 720 1715; x_wconf 87' lang='lat' dir='ltr'>gallum</span> <span class='ocrx_word' id='word_1_183' title='bbox 753 1666 793 1702; x_wconf 87' lang='lat' dir='ltr'>in</span> <span class='ocrx_word' id='word_1_184' title='bbox 820 1666 926 1703; x_wconf 88' lang='lat' dir='ltr'>femi·</span> <span class='ocrx_word' id='word_1_185' title='bbox 954 1679 1039 1704; x_wconf 71' lang='lat' dir='ltr'>which</span> <span class='ocrx_word' id='word_1_186' title='bbox 1065 1686 1141 1715; x_wconf 37' lang='lat' dir='ltr'>were-</span> <span class='ocrx_word' id='word_1_187' title='bbox 1161 1681 1220 1715; x_wconf 47' lang='lat' dir='ltr'>‚met</span> 
     </span>
     <span class='ocr_line' id='line_1_25' title="bbox 32 1710 1269 1780; baseline -0.001 -14"><span class='ocrx_word' id='word_1_188' title='bbox 32 1742 120 1766; x_wconf 87' lang='lat' dir='ltr'>nam</span> <span class='ocrx_word' id='word_1_189' title='bbox 140 1742 222 1767; x_wconf 84' lang='lat' dir='ltr'>sese</span> <span class='ocrx_word' id='word_1_190' title='bbox 244 1729 416 1767; x_wconf 88' lang='lat' dir='ltr'>vertisse.</span> <span class='ocrx_word' id='word_1_191' title='bbox 465 1729 554 1777; x_wconf 81' lang='lat' dir='ltr'>His,</span> <span class='ocrx_word' id='word_1_192' title='bbox 576 1731 675 1767; x_wconf 80' lang='lat' dir='ltr'>sicut</span> <span class='ocrx_word' id='word_1_193' title='bbox 699 1734 811 1767; x_wconf 88' lang='lat' dir='ltr'>erant</span> <span class='ocrx_word' id='word_1_194' title='bbox 831 1744 925 1767; x_wconf 88' lang='lat' dir='ltr'>nun·</span> <span class='ocrx_word' id='word_1_195' title='bbox 954 1710 1220 1766; x_wconf 50' lang='lat' dir='ltr'>i&#39;ffuaefftri‘fffifehgmus</span> <span class='ocrx_word' id='word_1_196' title='bbox 1243 1758 1269 1780; x_wconf 69' lang='lat'>,4</span> 
     </span>
     <span class='ocr_line' id='line_1_26' title="bbox 32 1793 1219 1843; baseline 0.001 -13"><span class='ocrx_word' id='word_1_197' title='bbox 32 1793 139 1840; x_wconf 80' lang='lat' dir='ltr'>tiata,</span> <span class='ocrx_word' id='word_1_198' title='bbox 184 1793 369 1843; x_wconf 83' lang='lat' dir='ltr'>expositis</span> <span class='ocrx_word' id='word_1_199' title='bbox 411 1793 709 1843; x_wconf 86' lang='lat' dir='ltr'>auctoribusque</span> <span class='ocrx_word' id='word_1_200' title='bbox 750 1793 792 1831; x_wconf 92' lang='lat' dir='ltr'>in</span> <span class='ocrx_word' id='word_1_201' title='bbox 818 1794 977 1834; x_wconf 77' lang='lat' dir='ltr'>,curiam</span> <span class='ocrx_word' id='word_1_202' title='bbox 1026 1794 1219 1831; x_wconf 82' lang='lat' dir='ltr'>introduc-</span> 
     </span>
     <span class='ocr_line' id='line_1_27' title="bbox 32 1858 1269 1908; baseline 0.002 -14"><span class='ocrx_word' id='word_1_203' title='bbox 32 1859 94 1905; x_wconf 87' lang='lat' dir='ltr'>tis,</span> <span class='ocrx_word' id='word_1_204' title='bbox 124 1858 255 1896; x_wconf 88' lang='lat' dir='ltr'>consul</span> <span class='ocrx_word' id='word_1_205' title='bbox 285 1858 332 1896; x_wconf 89' lang='lat' dir='ltr'>de</span> <span class='ocrx_word' id='word_1_206' title='bbox 359 1858 546 1908; x_wconf 84' lang='lat' dir='ltr'>religione</span> <span class='ocrx_word' id='word_1_207' title='bbox 570 1862 698 1908; x_wconf 89' lang='lat' dir='ltr'>patres</span> <span class='ocrx_word' id='word_1_208' title='bbox 728 1859 934 1896; x_wconf 84' lang='lat' dir='ltr'>consuluit.</span> <span class='ocrx_word' id='word_1_209' title='bbox 993 1859 1216 1906; x_wconf 89' lang='lat' dir='ltr'>Decretum,</span> <span class='ocrx_word' id='word_1_210' title='bbox 1241 1882 1269 1905; x_wconf 81' lang='lat'>15</span> 
     </span>
     <span class='ocr_line' id='line_1_28' title="bbox 33 1921 1218 1973; baseline 0.003 -15"><span class='ocrx_word' id='word_1_211' title='bbox 33 1926 77 1958; x_wconf 89' lang='lat' dir='ltr'>ut</span> <span class='ocrx_word' id='word_1_212' title='bbox 106 1934 151 1958; x_wconf 86' lang='lat' dir='ltr'>ea</span> <span class='ocrx_word' id='word_1_213' title='bbox 179 1921 354 1972; x_wconf 84' lang='lat' dir='ltr'>prodigia</span> <span class='ocrx_word' id='word_1_214' title='bbox 383 1922 527 1972; x_wconf 87' lang='lat' dir='ltr'>partim</span> <span class='ocrx_word' id='word_1_215' title='bbox 557 1922 767 1960; x_wconf 87' lang='lat' dir='ltr'>maioribus</span> <span class='ocrx_word' id='word_1_216' title='bbox 797 1923 944 1968; x_wconf 82' lang='lat' dir='ltr'>hostiis,</span> <span class='ocrx_word' id='word_1_217' title='bbox 973 1925 1117 1973; x_wconf 85' lang='lat' dir='ltr'>partim</span> <span class='ocrx_word' id='word_1_218' title='bbox 1146 1924 1218 1961; x_wconf 89' lang='lat' dir='ltr'>lac-</span> 
     </span>
     <span class='ocr_line' id='line_1_29' title="bbox 32 1985 1216 2037; baseline 0.003 -15"><span class='ocrx_word' id='word_1_219' title='bbox 32 1985 206 2022; x_wconf 85' lang='lat' dir='ltr'>tentibus</span> <span class='ocrx_word' id='word_1_220' title='bbox 229 1989 540 2034; x_wconf 87' lang='lat' dir='ltr'>procurarentur,</span> <span class='ocrx_word' id='word_1_221' title='bbox 561 1990 602 2023; x_wconf 87' lang='lat' dir='ltr'>et</span> <span class='ocrx_word' id='word_1_222' title='bbox 626 1986 687 2023; x_wconf 90' lang='lat' dir='ltr'>uti</span> <span class='ocrx_word' id='word_1_223' title='bbox 705 1987 935 2036; x_wconf 80' lang='lat' dir='ltr'>supplicatio</span> <span class='ocrx_word' id='word_1_224' title='bbox 955 2001 1023 2037; x_wconf 92' lang='lat' dir='ltr'>per</span> <span class='ocrx_word' id='word_1_225' title='bbox 1041 1988 1216 2025; x_wconf 89' lang='lat' dir='ltr'>triduum</span> 
     </span>
     <span class='ocr_line' id='line_1_30' title="bbox 30 2049 1268 2102; baseline 0.005 -17"><span class='ocrx_word' id='word_1_226' title='bbox 30 2049 78 2086; x_wconf 76' lang='lat' dir='ltr'>ad</span> <span class='ocrx_word' id='word_1_227' title='bbox 105 2049 235 2086; x_wconf 84' lang='lat' dir='ltr'>omnia</span> <span class='ocrx_word' id='word_1_228' title='bbox 263 2050 484 2099; x_wconf 80' lang='lat' dir='ltr'>pulvinaria</span> <span class='ocrx_word' id='word_1_229' title='bbox 509 2051 717 2088; x_wconf 88' lang='lat' dir='ltr'>haberetur</span> <span class='ocrx_word' id='word_1_230' title='bbox 729 2066 740 2100; x_wconf 87' lang='lat'>;</span> <span class='ocrx_word' id='word_1_231' title='bbox 768 2056 905 2099; x_wconf 86' lang='lat' dir='ltr'>cetera,</span> <span class='ocrx_word' id='word_1_232' title='bbox 927 2065 1048 2102; x_wconf 90' lang='lat' dir='ltr'>quum</span> <span class='ocrx_word' id='word_1_233' title='bbox 1073 2052 1217 2090; x_wconf 87' lang='lat' dir='ltr'>decem·</span> <span class='ocrx_word' id='word_1_234' title='bbox 1241 2072 1268 2095; x_wconf 66' lang='grc' dir='ltr'>,ὁ</span> 
     </span>
     <span class='ocr_line' id='line_1_31' title="bbox 29 2113 1215 2165; baseline 0.003 -15"><span class='ocrx_word' id='word_1_235' title='bbox 29 2113 107 2151; x_wconf 82' lang='lat' dir='ltr'>viri</span> <span class='ocrx_word' id='word_1_236' title='bbox 133 2113 252 2151; x_wconf 91' lang='lat' dir='ltr'>libros</span> <span class='ocrx_word' id='word_1_237' title='bbox 273 2113 543 2164; x_wconf 85' lang='lat' dir='ltr'>inspexissent,</span> <span class='ocrx_word' id='word_1_238' title='bbox 567 2119 613 2152; x_wconf 91' lang='lat' dir='ltr'>ut</span> <span class='ocrx_word' id='word_1_239' title='bbox 637 2115 694 2153; x_wconf 83' lang='lat' dir='ltr'>ita</span> <span class='ocrx_word' id='word_1_240' title='bbox 716 2116 865 2161; x_wconf 87' lang='lat' dir='ltr'>fierent,</span> <span class='ocrx_word' id='word_1_241' title='bbox 892 2116 1215 2165; x_wconf 85' lang='lat' dir='ltr'>quemadmodum</span> 
     </span>
     <span class='ocr_line' id='line_1_32' title="bbox 29 2177 1266 2230; baseline 0.003 -15"><span class='ocrx_word' id='word_1_242' title='bbox 29 2177 135 2214; x_wconf 87' lang='lat' dir='ltr'>cordi</span> <span class='ocrx_word' id='word_1_243' title='bbox 162 2191 243 2216; x_wconf 87' lang='lat' dir='ltr'>esse</span> <span class='ocrx_word' id='word_1_244' title='bbox 270 2179 370 2216; x_wconf 87' lang='lat' dir='ltr'>divis</span> <span class='ocrx_word' id='word_1_245' title='bbox 395 2192 414 2217; x_wconf 83' lang='lat' dir='ltr'>e</span> <span class='ocrx_word' id='word_1_246' title='bbox 439 2180 673 2218; x_wconf 88' lang='lat' dir='ltr'>carminibus</span> <span class='ocrx_word' id='word_1_247' title='bbox 701 2180 956 2230; x_wconf 87' lang='lat' dir='ltr'>profarentur.</span> <span class='ocrx_word' id='word_1_248' title='bbox 1016 2181 1216 2218; x_wconf 83' lang='lat' dir='ltr'>Decemvi·</span> <span class='ocrx_word' id='word_1_249' title='bbox 1236 2204 1266 2228; x_wconf 79' lang='lat'>17</span> 
     </span>
    </p>
   </div>
   <div class='ocr_carea' id='block_1_3' title="bbox 29 2246 1214 2296">
    <p class='ocr_par' dir='ltr' id='par_1_3' title="bbox 29 2246 1214 2296">
     <span class='ocr_line' id='line_1_33' title="bbox 29 2246 1214 2296; baseline 0.003 -15"><span class='ocrx_word' id='word_1_250' title='bbox 29 2255 159 2282; x_wconf 87' lang='lat' dir='ltr'>rorum</span> <span class='ocrx_word' id='word_1_251' title='bbox 178 2246 328 2283; x_wconf 88' lang='lat' dir='ltr'>monitu</span> <span class='ocrx_word' id='word_1_252' title='bbox 354 2246 549 2284; x_wconf 88' lang='lat' dir='ltr'>decretum</span> <span class='ocrx_word' id='word_1_253' title='bbox 578 2251 646 2294; x_wconf 87' lang='lat' dir='ltr'>est,</span> <span class='ocrx_word' id='word_1_254' title='bbox 671 2247 756 2284; x_wconf 88' lang='lat' dir='ltr'>Iovi</span> <span class='ocrx_word' id='word_1_255' title='bbox 784 2247 952 2296; x_wconf 88' lang='lat' dir='ltr'>primum</span> <span class='ocrx_word' id='word_1_256' title='bbox 979 2247 1122 2284; x_wconf 89' lang='lat' dir='ltr'>donum</span> <span class='ocrx_word' id='word_1_257' title='bbox 1143 2246 1214 2284; x_wconf 78' lang='lat' dir='ltr'>ful-</span> 
     </span>
    </p>
   </div>
  </div>
 </body>
</html>
