1403 2438
536 123 705 162 LIBER
741 123 857 162 XXI.
1236 123 1283 162 21

101 222 264 272 Sagunti
284 222 405 260 ruinae
424 227 549 269 erunt,
571 236 619 260 ne
645 223 731 272 quis
756 222 846 259 fidei
871 222 1056 259 Romanae
1081 225 1149 259 aut
1174 221 1288 259 socie-

102 287 175 324 tati
205 287 405 324 confidat.”
462 287 560 324 Inde
584 288 777 336 extemplo
797 287 902 324 abire
922 286 1067 323 finibus
1087 286 1289 323 Volciano-
1307 303 1336 321 11

100 364 186 388 rum
206 351 309 398 iussi,
332 352 380 388 ab
393 352 501 388 nullo
516 351 653 388 deinde
666 351 828 388 concilio
841 351 1044 401 Hispaniae
1056 351 1286 400 benigniora

101 416 218 453 verba
236 416 368 454 tulere.
429 416 493 453 Ita
521 415 776 465 nequicquam
797 420 999 465 peragrata
1018 415 1223 466 Hispania,
1244 415 1287 452 in

101 479 267 517 Galliam
287 484 500 518 transeunt.
541 479 624 516 ssn
643 479 703 516 his
725 493 825 516 nova
845 479 996 517 terribi-
1077 524 1080 527 Ι
1167 521 1173 528 ,
1305 467 1355 505 2⁰

103 544 226 594 lisque
246 545 387 594 species
413 545 496 581 visa.
517 548 584 591 est,
616 545 719 594 quod
747 544 888 581 armati
919 544 990 595 (ita
1022 522 1076 547 and
1089 521 1278 547 nonemGaul

99 619 180 645 mos
194 608 320 657 gentis
340 608 438 659 erat)
459 609 501 645 in
520 608 724 645 concilium
743 613 947 646 venerunt.
1009 608 1138 653 Quum
1161 607 1287 644 verbis
1303 623 1318 640 2

99 671 330 710 extollentes
343 672 502 722 gloriam
516 673 780 723 virtutemque
799 673 932 723 populi
946 673 1113 710 Romani
1127 685 1169 709 ac
1185 684 1285 721 mag-

101 736 319 774 nitudinem
335 737 489 787 imperii
509 738 705 788 petissent,
727 750 776 775 ne
797 737 916 775 Poeno
930 737 1074 774 bellum
1090 736 1218 774 Italiae
1232 735 1288 772 in-

101 801 243 839 ferenti
262 814 331 851 per
345 815 454 852 agros
467 803 656 852 urbesque
669 815 756 839 suas
770 803 977 839 transitum
991 802 1138 848 darent,
1154 804 1288 838 tantus

100 877 187 902 cum
206 865 364 903 fremitu
384 866 483 903 risus
503 866 646 904 dicitur
666 871 782 913 ortus,
805 870 851 903 ut
869 867 938 903 vix
956 879 979 903 a
997 865 1288 916 magistratibus
1305 875 1321 899 3

100 929 384 980 maioribusque
417 935 512 968 natu
552 932 734 968 iuventus
763 931 961 968 sedaretur
977 944 988 978 3
1026 931 1120 968 adeo
1149 930 1320 967 stolida4

99 995 379 1044 impudensque
398 995 608 1044 postulatio
627 995 711 1032 visa
731 999 788 1032 est
814 1008 976 1042 censere,
998 1008 1047 1032 ne
1067 994 1107 1031 in
1127 994 1288 1031 Italiam

100 1059 369 1097 transmittant
406 1059 509 1097 Galli
546 1060 702 1106 bellum,
742 1059 844 1109 ipsos
880 1059 921 1096 id
958 1062 1133 1096 avertere
1168 1058 1211 1094 in
1248 1070 1288 1094 se

99 1135 284 1173 agrosque
303 1136 391 1161 suos
410 1137 480 1174 pro
499 1124 635 1161 alienis
654 1124 893 1174 populandos
913 1124 1087 1161 obiicere.
1146 1122 1288 1160 Sedato
1305 1130 1320 1154 5

100 1187 255 1225 tandem
274 1188 443 1235 fremitu,
465 1201 691 1238 responsum
711 1188 847 1237 legatis
866 1192 934 1235 est,
952 1201 1077 1238 neque
1096 1187 1290 1224 Romano-

100 1265 185 1289 rum
214 1252 257 1289 in
279 1265 319 1289 se
346 1253 531 1289 meritum
560 1266 639 1290 esse
667 1265 792 1302 neque
821 1251 1199 1302 Carthaginiensium
1231 1252 1288 1289 in-

97 1315 247 1364 iuriam,
269 1317 318 1354 ob
337 1329 420 1366 quae
440 1320 510 1354 aut
527 1329 596 1367 pro
625 1317 813 1354 Romanis
841 1321 910 1353 aut
938 1317 1121 1353 adversus
1147 1316 1288 1354 Poenos

97 1385 253 1418 sumant
272 1393 396 1429 arma3
426 1385 560 1418 contra
579 1394 622 1418 ea
641 1381 774 1418 audire
799 1394 890 1428 sese,
912 1381 1038 1430 gentis
1064 1392 1140 1417 suae
1160 1380 1286 1417 homi·
1304 1390 1320 1414 6

97 1456 165 1481 nes
202 1457 293 1494 agro
324 1445 543 1495 finibusque
579 1445 705 1482 Italiae
742 1445 834 1495 pelli
872 1458 894 1482 a
930 1445 1072 1494 populo
1109 1444 1288 1482 Romano

98 1509 410 1559 stipendiumque
429 1510 594 1559 pendere
613 1514 653 1547 et
672 1514 799 1547 cetera
817 1510 978 1559 indigna
992 1509 1083 1559 pati.
1141 1509 1286 1546 Eadem
1305 1524 1320 1548 7

98 1573 218 1611 ferme
235 1573 278 1610 in
303 1574 440 1611 ceteris
469 1574 606 1611 Galliae
635 1575 808 1612 conciliis
841 1575 945 1611 clieta
973 1574 1191 1622 auditaque,
1216 1586 1286 1610 nee

97 1637 286 1688 hospitale
322 1638 527 1688 quiequam
564 1642 793 1688 pacatumve
829 1639 921 1676 satis
959 1638 1066 1688 prius
1096 1637 1284 1684 auditum,

96 1713 212 1751 quam
241 1701 455 1739 Massiliam
485 1715 634 1741 venere.
692 1703 755 1739 Ibi
789 1703 918 1747 omnia
945 1703 993 1739 ab
1233 1744 1259 1749 ..
1304 1705 1320 1730 8

98 1765 210 1804 sociis
237 1766 423 1816 inquisita
441 1780 528 1804 cum
549 1780 639 1805 cura
658 1781 702 1804 ac
720 1767 795 1804 fide
815 1767 988 1817 cognita:
1021 1743 1286 1775 exceptatMassma.

97 1834 378 1880 praeoccupatos
397 1831 473 1868 iam
489 1835 580 1869 ante
599 1832 647 1869 ab
667 1831 893 1869 Hannibale
915 1832 1118 1869 Gallorum
1138 1831 1287 1869 animos

98 1908 178 1932 esse
185 1907 197 1942 ;
225 1895 290 1948 secl
318 1907 367 1932 ne
395 1895 455 1932 illi
482 1895 638 1945 quidem
666 1895 742 1946 ipsi
764 1896 858 1933 satis
877 1896 1013 1933 mitem
1032 1900 1187 1946 gentem
1207 1896 1296 1933 fore.

99 1959 210 2010 (adeo
234 1959 376 1997 ferocia
394 1964 510 2010 atque
528 1960 718 1997 indomita
736 1961 891 2011 ingenia
912 1960 1021 2011 esse),
1050 1961 1094 1998 ni
1122 1960 1286 1998 subinde

96 2035 201 2070 auro,
223 2024 332 2061 cuius
350 2024 573 2061 avidissima
590 2037 683 2074 gens
703 2029 771 2072 est,
792 2025 1010 2075 principum
1031 2025 1152 2062 animi
1164 2025 1286 2062 conci-

97 2087 253 2126 lientur.
319 2087 384 2125 Ita
414 2089 627 2138 perag-ratis
655 2089 860 2139 Hispaniae
891 2094 931 2127 et
957 2089 1093 2126 Galliae
1118 2088 1281 2139 populis,
1300 2105 1318 2131 9

98 2151 215 2202 legati
230 2152 395 2189 Romam
411 2153 577 2191 redeunt
594 2153 699 2191 haud
719 2155 774 2191 ita
794 2154 918 2191 multo
939 2157 1036 2204 post,
1057 2166 1173 2204 quam
1196 2166 1282 2191 con-

97 2215 198 2254 sules
216 2216 259 2254 in
277 2217 496 2267 provincias
520 2218 683 2266 profecti
713 2222 833 2256 erant.
893 2217 1103 2256 Civitatem
1132 2229 1284 2256 omnem
