1403 2438
479 154 648 191 LIBER
686 153 828 189 XXII.
1196 149 1245 186 83

54 257 171 298 retur,
193 256 406 301 pontesque
434 251 697 288 rescinderent
725 249 956 286 fluminum:
988 258 1056 295 pro
1083 245 1177 281 urbe
1203 257 1246 280 ac

54 317 258 367 penatibus
285 316 545 353 dimicandum
573 328 664 360 csse,
693 313 847 363 quando
872 311 1029 348 Italiam
1054 309 1155 346 tueri
1185 321 1247 345 ne-

54 381 239 431 quissent.

135 446 339 483 Hamiibal
358 450 462 483 recto
482 445 621 481 itinere
640 457 707 493 per
724 442 932 480 Umbriam
952 452 1074 489 usque
1093 439 1141 475 ad
1157 438 1249 487 Spo·
1266 437 1287 473 9

56 511 191 549 letium
223 512 337 549 venit.
404 511 512 556 Inde,
545 521 667 559 quum
700 507 953 557 perpopulato

983 537 1119 561 Hannibal
1141 537 1210 561 aster
1233 544 1250 561 a
1266 524 1280 540 ²

55 589 146 626 agro
167 577 300 613 urbem
319 587 541 625 oppugnare
560 573 718 610 adortus
737 576 848 618 esset,
865 583 952 608 cum
982 567 1249 628 gffiiiiiisssstissiffig‘ie'}

55 653 196 690 magna
220 639 321 677 caede
346 652 503 676 suorum
530 638 715 688 repulsus,
737 637 955 698 comgtans
983 629 1249 689 ξζξξζξζῗπῇζξᾱᾞξ

57 718 105 742 ex
133 705 249 742 unius
277 703 432 741 coloniae
460 703 565 740 haud
589 702 768 739 maxima}
793 702 954 738 mininie
965 691 1023 748 „s”
1034 691 1188 715 ²⁸¹⁴¹¹⁶⁰¹¹³¹

57 782 236 820 prospere
254 774 414 806 tentatae
434 768 594 814 viribus,
616 771 759 816 quantu
789 747 1117 815 iiiol—e‘s'fflanae
1143 766 1250 803 urbis

58 839 169 881 esset,
188 834 230 871 in
249 847 382 883 agrum
413 833 600 870 Picenum
623 832 767 869 avertit
793 832 876 878 iter,
899 844 976 868 non
998 831 1107 881 copia
1125 831 1250 868 solum
1268 846 1283 869 3

58 899 183 936 onmis
194 899 345 948 generis
360 899 516 948 frugum
531 897 805 944 abundantem,
828 896 894 933 sed
910 896 1095 933 refertum
1109 896 1248 945 praeda,

58 977 175 1014 quam
201 964 320 1001 effuse
348 964 452 1000 avidi
481 967 596 1012 atque
630 967 786 1012 egentes
811 962 1024 1011 rapiebant.
1090 961 1154 997 Ibi
1183 974 1252 1010 per
1269 978 1283 1000 4

59 1029 141 1066 dies
166 1029 315 1078 aliquot
339 1028 483 1065 stativa
509 1027 653 1073 habita,
676 1027 918 1076 refectusque
944 1027 1054 1062 miles
1079 1025 1253 1063 hibernis

59 1093 265 1130 itineribus
300 1106 344 1130 ac
363 1092 528 1142 palustri
547 1092 612 1129 via
627 1092 839 1141 proelioque
858 1092 980 1140 magis
1000 1091 1048 1127 ad
1068 1094 1251 1127 eventum

59 1158 226 1195 seeundo
240 1170 356 1208 quam
377 1157 455 1194 levi
474 1162 544 1194 aut
558 1157 662 1194 facili
677 1157 844 1194 affectus.
896 1156 979 1194 Ubi
997 1156 1092 1193 satis
1111 1156 1253 1206 quietis
1271 1174 1284 1197 5

59 1223 195 1259 datum
217 1222 346 1271 praeda
369 1236 412 1259 ac
437 1222 754 1271 populationibus
784 1222 905 1271 magis
934 1235 1048 1271 quain
1076 1221 1156 1258 otio
1184 1226 1253 1257 aut

62 1286 192 1336 requie
216 1287 487 1335 gaudentibus,
518 1287 711 1336 profectus
741 1286 1025 1323 Praetutianum
1057 1285 1253 1322 Hadrian-

61 1365 200 1400 umque
218 1364 364 1401 agrum,
386 1351 536 1388 Marsos
558 1352 649 1388 inde
670 1350 993 1400 Marrucinosque
1013 1355 1052 1386 et
1072 1350 1254 1399 Pelignos

61 1417 240 1454 devastat
251 1416 427 1466 circaque
442 1417 572 1465 Arpos
587 1420 627 1452 et
644 1416 844 1453 Luceriam
864 1416 1079 1465 proximam
1098 1415 1254 1464 Apuliae

62 1481 267 1531 regionem.
327 1480 394 1518 Cn.
419 1481 607 1518 Servilius
636 1480 779 1527 consul,
811 1481 962 1517 levibus
989 1494 1137 1530 while-the
1161 1481 1287 1530 qonsu1⁶

62 1545 208 1595 proeh'is
234 1558 321 1582 cum
351 1545 474 1583 Gallis
501 1545 614 1582 factis
644 1551 683 1582 et
715 1558 793 1582 uno
822 1545 961 1594 oppido
990 1525 1256 1580 {egggusretuesto

63 1609 224 1659 ignobili
248 1614 482 1660 expugnato,
502 1614 708 1659 postquam
736 1611 784 1647 de
811 1610 964 1658 collegae
985 1609 1256 1658 exercitusque

64 1675 164 1712 caede
183 1675 346 1722 audivit,
368 1675 442 1711 iam
466 1675 655 1711 moenibus
675 1675 810 1724 patriae
831 1678 1017 1721 metuens,
1039 1686 1089 1710 ne
1108 1674 1257 1711 abesset

64 1739 106 1776 in
125 1739 344 1776 discrimine
363 1747 548 1786 extremo,
571 1739 619 1776 ad
635 1740 771 1777 urbem
790 1739 867 1776 iter
885 1739 1066 1776 intendit.

145 1803 190 1849 Q.
213 1803 356 1841 Fabius
371 1804 571 1841 Maximus
585 1804 753 1841 dictator
766 1803 922 1850 iterum,
943 1816 1019 1852 quo
1039 1803 1101 1839 die
1122 1803 1258 1852 magis·
1276 1822 1289 1846 7

66 1872 210 1906 tratum
232 1868 334 1914 iniit,
355 1874 491 1906 vocato
509 1873 659 1916 senatu,
680 1869 729 1905 ab
749 1868 822 1905 diis
842 1881 962 1912 orsus,
993 1881 1258 1912 Fabiusbeginswith

66 1946 186 1983 quum
212 1933 426 1970 edocuisset
453 1937 595 1982 patres,
616 1933 703 1983 plus
729 1933 966 1982 negligentia
994 1913 1226 1974 iiiiigssiaefvanoes
1234 1912 1263 1937 or

67 1998 370 2035 caerimoniarum
396 1997 728 2048 auspiciorumque
751 2010 869 2046 quam
898 1997 1121 2035 temeritate
1144 2001 1261 2046 atque
1294 1996 1297 2001 ’

68 2064 222 2102 inscitia
238 2070 437 2114 peccatum
463 2078 487 2102 a
513 2065 556 2102 G.
578 2064 772 2101 Flaminio
801 2064 958 2101 consule
984 2076 1077 2111 esse,
1098 2076 1260 2113 quaeque

69 2129 220 2178 piacula
246 2129 313 2166 irae
342 2130 458 2166 deum
487 2133 615 2166 essent
640 2128 744 2178 ipsos
771 2129 861 2166 deos
882 2128 1137 2166 consulendos
1164 2140 1256 2176 esse,

69 2193 242 2242 pervicit,
277 2197 332 2240 ut,
365 2194 469 2242 quod
498 2206 578 2231 non
611 2193 730 2230 ferme
768 2194 1000 2239 decernitur,
1032 2192 1109 2229 nisi
1142 2205 1263 2243 quum
1279 2203 1293 2228 8

69 2260 182 2294 taetra
209 2258 383 2308 prodigia
410 2258 594 2295 nuntiata
623 2262 728 2305 sunt,
761 2257 969 2295 decemviri
997 2258 1114 2294 libros
1142 2257 1263 2307 Sibyl-

1032 2329 1141 2370 6-2
