1403 2438
500 162 668 199 LIBER
705 161 851 198 XXII.
1222 162 1270 198 85

76 277 120 302 ac
138 267 294 300 senatus
315 263 556 312 populusque
576 263 733 299 iusserit
753 262 845 308 fieri,
866 261 1025 306 faxitur,
1043 273 1086 297 eo
1106 261 1272 309 populus

75 328 226 365 solutus
255 327 353 364 liber
386 327 501 364 est0.”
572 328 755 364 Eiusdem
794 327 849 364 rei
884 339 997 363 causa
1027 325 1109 362 ludi
1142 325 1272 374 magni
1291 342 1305 365 7

77 392 160 429 voti
196 392 284 429 aeris
315 392 498 431 trecentis
533 392 696 441 triginta
727 392 854 442 tribus
894 391 1065 427 millibus
1103 389 1275 437 trecefntis

78 457 243 508 triyinta
270 457 392 494 tribus
421 456 575 499 triente,
599 459 783 505 praeterea
809 456 934 491 bubus
964 455 1051 491 Iovi
1080 454 1271 500 trecentis,

76 522 210 559 multis
228 522 316 558 aliis
335 521 438 558 divis
456 521 584 557 bubus
604 520 701 557 albis
721 526 838 569 atque
858 519 995 556 ceteris
1015 519 1161 555 hostiis.
1195 518 1273 554 Vo-
1291 529 1306 554 8

78 587 128 624 tis
164 587 240 623 rite
276 585 523 635 nuncupatiS,
563 585 794 634 supplicatio
831 584 981 631 edicta3
1008 613 1061 639 and
1075 614 1153 638 other
1169 613 1273 639 solemn

76 651 413 701 supplicatumque
446 650 524 687 iere
554 662 642 686 cum
676 649 904 698 coniugibus
937 661 980 685 ac
1008 645 1175 669 ⁰¹d³¹¹²²¹¹⁰⁰⁸·

77 715 208 753 liberis
234 728 312 752 non
342 716 492 751 urbana
524 714 737 751 multitudo
770 718 937 759 tantum,
968 713 1035 750 sed
1063 712 1273 762 agrestium

77 779 205 826 etiam,
227 792 321 829 quos
340 779 382 816 in
401 779 532 828 aliqua
551 791 621 815 sua
647 779 804 815 fortuna
820 766 985 827 {publica
1016 790 1168 827 quoque
1188 790 1273 814 con-

77 844 254 893 tingebat
282 857 382 881 cura.
453 844 551 880 Tum
587 843 871 880 lectisternium
905 856 972 892 per
1005 843 1178 880 triduum
1211 842 1308 881 hae9

77 908 215 954 bitum,
250 908 478 945 decemviris
507 921 701 945 sacrorum
737 908 974 944 curantibus.
1042 906 1118 944 Sex
1151 906 1275 956 pulvi-

77 973 187 1010 naria
223 973 266 1009 in
297 977 502 1022 conspectu
541 973 710 1018 fuerunt,
752 972 840 1009 Iovi
880 985 923 1009 ac
957 971 1102 1008 Iunoni
1139 984 1272 1017 unum,

78 1038 246 1075 alterum
277 1037 464 1087 Neptuno
490 1050 533 1074 ac
563 1037 765 1082 Minervae,
796 1036 957 1073 tertium
987 1036 1110 1072 Marti
1137 1048 1180 1072 ac
1200 1035 1276 1072 Ve-

81 1103 176 1149 neri,
197 1106 382 1152 quartum
400 1102 580 1151 Apollini
601 1115 644 1138 ac
664 1101 812 1147 Dianae,
829 1101 1012 1150 quintum
1032 1101 1213 1137 Vulcano
1233 1113 1276 1137 ac

79 1167 223 1213 Vestae,
244 1171 400 1205 sextum
426 1166 623 1204 Mercurio
652 1171 692 1203 et
718 1165 858 1205 Cereri.
916 1166 1016 1203 Tum
1041 1166 1141 1203 aedes
1161 1170 1271 1202 votae.

84 1231 227 1269 Veneri
258 1231 437 1281 Erycinae
471 1232 591 1268 aedem
627 1231 670 1276 Q.
709 1231 851 1268 Fabius
882 1230 1082 1267 Maximus
1110 1229 1277 1267 dictator
1295 1249 1326 1265 10

81 1297 202 1344 vovit,
229 1296 322 1347 quia
352 1296 409 1334 ita
439 1310 488 1334 ex
515 1296 698 1333 fatalibus
732 1295 841 1332 libris
872 1295 1018 1332 editum
1048 1298 1142 1342 erat,
1173 1298 1219 1331 ut
1244 1294 1277 1330 is

81 1366 251 1408 voveret,
283 1361 394 1399 cuius
420 1361 636 1398 maximum
664 1361 870 1410 imperium
894 1360 936 1396 in
962 1360 1121 1396 civitate
1150 1363 1275 1406 esset;

83 1422 213 1464 Menti
231 1426 353 1464 aedem
370 1426 412 1465 T.
436 1426 627 1463 Otacilius
646 1429 789 1475 praetor
809 1425 927 1462 vovit.

161 1491 227 1529 lta
248 1492 364 1528 rebus
389 1491 533 1527 divinis
559 1491 737 1540 peractis,
758 1495 843 1527 tum
871 1491 920 1527 de
939 1490 1038 1527 bello
1058 1503 1175 1539 reque
1196 1488 1276 1542 [de]
1297 1495 1343 1530 11

82 1557 237 1607 publica
261 1556 429 1594 dictator
452 1555 618 1602 rettulit,
647 1555 789 1604 quibus
814 1559 985 1604 quotque
1014 1580 1135 1605 nemen
1151 1579 1278 1610 proceeds

83 1621 298 1670 legionibus
326 1620 468 1660 victori
495 1619 599 1657 hosti
627 1620 782 1656 obviam
812 1619 984 1656 eundum
1012 1611 1111 1641 ΜΨ
1124 1611 1217 1641 “⁰⁰¹³“

83 1698 165 1723 esse
192 1688 321 1735 patres
348 1688 559 1722 censerent.
619 1684 842 1730 Decretum,
872 1688 917 1720 ut
946 1684 994 1720 ab
1020 1682 1088 1720 On.
1113 1682 1280 1720 Servilio
1296 1701 1311 1717 2

84 1750 239 1788 consule
275 1749 490 1787 exercitum
529 1749 744 1799 acciperet3
787 1749 972 1786 scriberet
1009 1752 1194 1798 praeterea
1231 1760 1280 1784 ex

85 1815 235 1853 civibus
262 1814 462 1864 sociisque,
492 1818 683 1863 quantum
712 1813 890 1863 equitum
915 1826 958 1850 ac
981 1813 1157 1862 peditum
1176 1812 1280 1849 vide-

86 1884 221 1928 retu13
249 1883 377 1917 cetera
401 1879 532 1916 omnia
558 1882 688 1929 ageret
710 1879 940 1928 faceretque,
962 1881 1008 1914 ut
1027 1891 1047 1915 e
1067 1891 1107 1914 re
1125 1877 1280 1927 publica

87 1945 254 1982 duceret.
313 1944 460 1981 Fabius
483 1944 579 1981 duas
607 1944 778 1993 legiones
803 1956 844 1980 se
863 1943 1106 1980 adiecturum
1125 1942 1174 1979 ad
1195 1942 1279 1979 Ser·
1299 1960 1313 1983 3

88 2009 278 2046 vilianum
294 2009 506 2046 exercitum
527 2009 638 2045 dixit.
690 2008 745 2045 Iis
764 2021 833 2058 per
851 2007 1082 2056 magistrum
1103 2007 1279 2056 equitum
1308 2002 1310 2004 ¹

88 2074 242 2124 scriptis
278 2073 401 2110 Tibur
441 2073 543 2110 diem
585 2074 634 2110 ad
676 2073 984 2110 conveniendum
1013 2103 1068 2127 and
1095 2105 1122 2126 to
1154 2102 1211 2132 give
1242 2102 1281 2127 in-

89 2140 222 2178 edixit.
283 2139 497 2188 Edictoque
522 2139 728 2189 proposito,
757 2143 812 2186 ut,
845 2139 987 2188 quibus
1014 2133 1282 2193 {ffifffssssnffiff’nssss
1299 2128 1335 2175 4⁴

90 2202 232 2253 oppida
261 2202 494 2252 castellaque
523 2203 732 2240 immunita
756 2206 894 2248 essent,
926 2201 987 2238 uti
1016 2194 1245 2224 theseatotwar‚

91 2267 389 2317 commigrarent
424 2267 466 2304 in
502 2267 585 2304 loca
617 2271 716 2314 tuta,
754 2279 803 2304 ex
837 2267 938 2316 agris
975 2278 1128 2314 quoque
1166 2264 1282 2301 demi-
