1434 2402
75 343 92 367 9

41 577 89 614 52

72 2200 87 2226 7

113 104 188 142 134
633 99 781 139 LIVII

110 198 313 248 capitibus,
343 210 438 247 quos
468 196 540 233 sibi
570 196 672 245 ipsos
699 195 832 232 fecisse
861 195 988 231 foveas
1016 193 1297 242 obruentesque

110 275 177 299 ora
202 263 416 311 superiecta
442 261 559 297 humo
586 259 845 296 interclusisse
871 258 1050 307 spiritum
1075 257 1293 306 apparebat.

112 327 306 375 Praecipue
327 325 519 362 convertit
545 337 677 361 omnes
703 324 921 360 substratus
947 321 1120 358 Numida
1143 325 1297 358 mortuo

109 390 425 440 superincubanti
445 391 622 427 Romano
641 389 766 435 vivus,
787 399 881 424 naso
900 387 1134 435 auribusque
1160 385 1296 422 lacera-

108 455 171 499 tis,
191 466 321 503 quum,
343 454 521 490 manibus
541 453 589 490 ad
612 452 839 502 capiendum
868 451 991 487 telum
1017 449 1234 495 inutilibus,
1255 447 1296 484 in

109 518 253 554 rabiem
272 518 330 554 ira
348 530 469 564 versa,
487 517 667 554 laniando
687 517 869 553 dentibus
889 515 1036 551 hostem
1052 513 1292 562 exspirasset.

189 580 328 630 Spoliis
348 581 396 618 ad
415 581 584 618 multum
604 580 681 617 diei
700 580 821 627 lectis,
844 579 1047 616 Hannibal
1072 578 1122 615 ad
1146 578 1296 615 minora

109 660 189 685 Some
228 660 373 696 surrenti-or
402 648 508 685 ducit
528 651 653 684 castra
671 647 939 696 oppugnanda,
961 650 1001 683 et
1021 645 1194 683 omnium
1218 645 1296 694 pri-

108 691 374 776 Ξξῖἓῑςῃςῗιῖἒᾱῖἕῗῖτὲ
402 725 507 748 mum
537 711 693 748 brachio
719 711 868 748 obiecto
893 710 1053 747 flumine
1081 722 1144 746 eos
1171 709 1297 746 exclu-

109 759 207 812 affige.
223 760 239 777 λ
340 759 372 776 m
401 777 459 813 dit
474 790 484 823 3
514 780 685 813 ceterum
704 776 752 812 ab
772 775 950 811 omnibus
976 774 1118 820 labore,
1138 773 1294 823 vigiliis,

108 841 333 878 vulneribus
353 841 470 877 etiam
490 841 597 877 fessis
617 840 806 877 maturior
830 840 951 889 ipsius
976 852 1042 889 spe
1068 838 1213 876 deditio
1238 843 1297 876 est

107 904 218 940 faeta.
277 903 400 950 Paeti,
418 907 463 940 ut
482 916 590 940 arma
609 907 726 952 atque
746 915 863 951 equos
883 902 1092 948 traderent,
1109 901 1151 938 in
1169 901 1297 952 capita

108 968 286 1004 Romana
313 968 479 1005 trecenis
503 968 674 1005 nummis
701 967 952 1017 quadrigatis,
974 967 1017 1003 in
1041 966 1162 1004 socios
1187 966 1297 1003 duce-

108 1033 178 1080 nis,
201 1033 242 1069 in
266 1045 397 1069 servos
423 1033 607 1079 centenis,
629 1036 669 1069 et
695 1037 740 1069 ut
766 1045 810 1069 eo
836 1031 961 1080 pretio
985 1030 1180 1080 persoluto
1207 1043 1294 1067 cum

108 1096 269 1146 singulis
303 1097 456 1133 abirent
487 1096 739 1142 vestimentis,
770 1096 812 1132 in
839 1099 965 1132 castra
992 1095 1121 1131 hostes
1148 1107 1296 1143 accepe-

107 1166 211 1208 runt,
245 1161 458 1210 traditique
495 1161 537 1197 in
571 1161 784 1197 custodiam
821 1173 952 1197 omnes
989 1163 1094 1206 sunt,
1125 1172 1295 1196 seorsum

108 1224 208 1261 cives
228 1224 405 1273 sociique.
456 1224 562 1260 Dum
582 1224 636 1260 ibi
656 1228 809 1272 tempus
829 1223 979 1269 teritur,
1001 1223 1150 1260 interea
1175 1236 1296 1272 quum

106 1301 156 1325 ex
174 1288 383 1324 maioribus
403 1288 551 1334 castris,
569 1288 709 1337 quibus
730 1288 823 1324 satis
843 1287 987 1323 virium
1008 1291 1047 1324 et
1066 1286 1188 1323 animi
1206 1286 1293 1333 fuit,

105 1353 155 1390 ad
185 1356 369 1402 quattuor
397 1352 521 1389 millia
550 1353 752 1389 hominum
782 1357 822 1389 et
849 1352 1009 1389 ducenti
1036 1352 1197 1401 equiteS,
1226 1351 1296 1389 alii

105 1417 268 1465 agmine,
289 1416 356 1453 alii
374 1416 496 1466 palati
514 1417 656 1466 passim
675 1430 745 1467 per
763 1430 884 1467 agros,
907 1417 1009 1467 quod
1034 1416 1141 1454 haud
1164 1416 1295 1454 minus

106 1484 236 1517 tutum
257 1483 352 1525 erat,
373 1479 587 1517 Canusium
607 1481 876 1530 perfugissent,
899 1484 1024 1517 castra
1042 1479 1127 1530 ipsa
1144 1480 1192 1517 ab
1212 1488 1306 1517 sau-⁷

106 1543 175 1581 ciis
202 1544 424 1594 timidisque
452 1545 585 1582 eadem
618 1545 851 1592 condicione,
882 1557 959 1594 qua
986 1544 1119 1592 altera,
1148 1544 1296 1582 tradita

106 1608 217 1646 hosti.
275 1608 412 1646 Praeda
430 1610 565 1659 ingens
584 1614 696 1660 parta
716 1614 785 1657 est,
806 1614 846 1647 et
871 1613 1010 1659 praeter
1035 1623 1152 1660 equos
1175 1610 1296 1647 viros-

105 1686 180 1722 que
209 1676 249 1709 et
278 1673 312 1710 si
343 1673 437 1722 quid
469 1674 623 1723 argenti
655 1674 773 1725 (quod
805 1673 1019 1723 plurimum
1051 1675 1094 1710 in
1125 1673 1295 1723 phaleris

105 1747 291 1784 equorum
324 1739 430 1783 erat,
468 1749 559 1772 nam
591 1737 640 1773 ad
672 1736 907 1773 vescendum
939 1736 1041 1772 facto
1070 1735 1292 1784 perexiguo,

105 1799 239 1848 utique
267 1799 492 1847 militantes,
513 1800 740 1850 utebantur)
761 1801 886 1837 omnis
906 1804 1032 1837 cetera
1049 1799 1179 1849 praeda
1204 1799 1295 1836 diri-

106 1863 245 1912 pienda
278 1864 369 1900 data
401 1868 468 1901 est.
536 1864 637 1901 Tum
668 1863 879 1913 sepeliendi
909 1876 1023 1900 causa
1055 1862 1221 1900 conferri
1251 1862 1295 1899 in

106 1941 226 1964 unum
263 1940 422 1976 corpora
458 1941 616 1965 suorum
648 1927 762 1965 iussit
774 1941 785 1976 3
827 1928 877 1964 ad.
907 1931 992 1964 octo
1023 1926 1148 1964 millia
1175 1926 1294 1980 fuisse

104 1992 288 2029 dicuntur
318 1992 619 2029 fortissimorum
650 1992 834 2029 virorum.
901 1991 1108 2029 Consulem
1140 2003 1293 2041 quoque

106 2054 326 2091 Romanum
346 2055 607 2105 conquisitum
630 2055 913 2105 sepultumque,
934 2055 1094 2105 quidam
1117 2058 1293 2092 auctores

105 2123 205 2156 sunt.

186 2182 272 2229 Eos,
311 2183 378 2232 qui
416 2182 628 2221 Canusium
671 2184 933 2234 perfugerant,
972 2183 1113 2220 mulier
1157 2182 1290 2232 Apula
