1455 2454
84 183 132 220 38
601 180 664 218 LI
671 180 753 218 VII

48 305 65 327 ς
161 281 277 318 Nono
303 281 364 317 die
388 280 429 316 in
455 279 589 328 iugum
609 279 772 328 Alpium
799 282 1029 328 perventum
1049 282 1107 316 est
1125 291 1194 329 per
1212 278 1269 315 in·

82 375 346 404 Butatlengththov
374 344 438 380 via
463 344 646 393 pleraque
672 348 711 380 et
733 356 889 388 erroreS‚
915 356 1010 392 quos
1035 347 1103 380 aut
1131 344 1269 380 ducen-

81 406 161 429 ¹⁰²²⁰¹¹
185 406 229 429 ‘he
252 407 298 435 ‘⁰1³
322 399 350 429 df
376 408 475 444 tium
495 408 600 444 fraus
619 412 699 454 aut,
720 408 787 444 ubi
807 408 899 444 fides
921 408 968 444 iis
987 421 1065 444 non
1083 411 1193 454 esset,
1214 411 1267 444 te-

80 436 126 459 the
146 442 207 465 pass
225 435 278 459 and
301 443 347 460 are

79 465 248 495 ⁰⁰⁰⁰¹¹mged
259 466 344 494 hythe
372 484 474 507 mere
505 471 612 507 initae
645 472 765 508 valles
797 485 820 508 a
852 471 1158 508 conjectantibus
1190 471 1266 508 iter

78 497 145 520 thou
154 497 194 520 *ht
203 497 262 520 that
272 497 322 520 [tal

48 559 63 582 5
80 526 102 551 ‘³
113 503 222 551 inbview.
325 503 341 526 y
369 535 573 571 faciebant.
615 535 786 572 Biduum
801 535 843 572 in
862 536 952 585 iugo
965 535 1110 572 stativa
1120 535 1266 582 habita,

82 597 267 647 fessisque
287 598 416 635 labore
436 612 478 635 ac
498 600 706 648 pugnando
726 600 834 648 quies
861 600 952 636 data
971 599 1185 647 militibus3
1212 599 1268 636 iu-

81 667 289 712 mentaque
316 663 476 712 aliquot,
499 676 583 712 quae
611 664 788 713 prolapsa
815 664 855 700 in
885 664 1044 713 rupibus
1071 667 1194 710 erant,
1214 676 1269 701 se-

47 739 64 762 6
80 727 232 775 quendo
259 727 421 777 vestigia
449 728 612 776 agminis
640 728 681 764 in
710 732 837 782 castra
863 741 1081 778 pervenere.
1140 728 1268 765 Fossis

80 790 194 827 taedio
224 795 283 827 tot
316 791 506 828 malorum
536 792 638 828 nivis
668 792 781 828 etiam
818 806 937 839 casus,
967 792 1162 829 occidente
1190 791 1267 827 iam

47 869 61 893 7
81 855 205 891 sidere
233 855 511 904 Vergiliarum,
541 855 739 904 ingentem
767 860 954 893 terrorem
982 856 1133 893 adiecit.
1190 855 1268 893 Per

79 919 209 955 omnia
227 919 319 955 nive
338 920 492 968 oppleta
511 933 641 968 quum,
663 920 782 969 signis
802 921 925 969 prima
943 921 1027 957 luce
1046 920 1173 966 motis,
1188 933 1266 969 seg-

78 983 182 1020 niter
218 996 356 1032 agmen
393 983 597 1031 incederet,
636 984 869 1033 pigritiaque
901 989 941 1021 et
973 985 1188 1033 desperatio
1224 985 1264 1021 in

46 1055 62 1081 8
79 1047 252 1084 omnium
272 1048 387 1084 vultu
403 1048 599 1095 emineret,
621 1062 850 1098 praegressus
875 1049 984 1098 signa
1003 1049 1205 1086 Hannibal
1224 1049 1266 1086 in

77 1112 343 1161 promuntorio
373 1113 550 1162 quodam,
586 1113 689 1149 unde
722 1113 834 1161 longe
866 1127 910 1150 ac
937 1114 1015 1150 late
1043 1118 1266 1162 prospectus

77 1180 172 1224 erat,
197 1177 404 1213 consistere
436 1176 550 1213 iussis
577 1177 768 1214 militibus
795 1177 952 1213 Italiam
980 1181 1151 1214 ostentat
1177 1178 1264 1213 sub-

44 1258 62 1282 9
77 1240 270 1290 iectosque
286 1241 442 1290 Alpinis
458 1241 654 1278 montibus
662 1241 987 1290 Circumpadanos
999 1254 1161 1290 campos,
1174 1255 1264 1278 moe-

77 1304 218 1353 niaque
232 1317 296 1341 eos
314 1309 398 1341 tum
411 1306 681 1342 transcendere
693 1318 772 1342 non
784 1306 909 1342 Italiae
929 1306 1050 1353 modo,
1068 1306 1134 1342 sed
1146 1306 1262 1342 etiam

77 1368 184 1405 urbis
211 1368 396 1405 Romanae
409 1383 420 1417 3
449 1373 575 1405 cetera
600 1370 724 1418 plana,
747 1370 931 1418 proclivia
959 1370 1038 1406 fore
1049 1383 1059 1417 ;
1089 1382 1167 1406 uno
1194 1375 1263 1408 aut

77 1445 271 1469 summum
297 1433 420 1470 altero
446 1433 580 1482 proelio
599 1446 725 1470 arcem
745 1437 785 1470 et
803 1438 919 1482 caput
939 1434 1065 1470 Italiae
1085 1434 1126 1470 in
1144 1447 1261 1471 manu

27 1514 59 1532 10
75 1508 120 1533 ac
139 1501 329 1545 potestate
353 1497 565 1534 habituros.
626 1497 838 1534 Procedere
864 1498 956 1534 inde
979 1511 1116 1547 agmen
1135 1498 1261 1547 coepit,

75 1560 153 1598 iam
179 1561 279 1598 nihil
307 1574 356 1598 ne
380 1561 558 1598 hostibus
583 1561 737 1611 quidem
766 1566 906 1611 praeter
930 1575 1051 1611 parva
1071 1562 1177 1599 furta
1195 1575 1264 1611 per

75 1625 311 1663 occasionem
347 1625 601 1663 tentantibus.
664 1626 846 1662 Ceterum
877 1626 953 1663 iter
980 1626 1115 1672 multo,
1145 1639 1261 1676 qua-m

75 1690 117 1726 in
145 1702 305 1727 ascensu
327 1690 456 1726 fuerat
486 1689 547 1740 (ut
571 1690 754 1739 pleraque
772 1690 937 1738 Alpium
955 1690 1003 1726 ab
1022 1690 1142 1727 Italia
1162 1690 1262 1727 sicut

25 1770 54 1788 ιι
75 1754 261 1802 breviora,
292 1754 350 1791 ita
378 1753 586 1790 arrectiora
618 1754 738 1804 sunt),
774 1754 969 1791 difficilius
998 1753 1075 1791 fuit
1086 1768 1098 1802 ς
1137 1754 1261 1791 omnis

26 1835 57 1854 η
74 1817 177 1855 enim
203 1818 323 1855 ferme
351 1818 417 1855 via
442 1831 618 1867 praeceps,
640 1823 816 1868 angusta,
841 1818 989 1855 lubrica
1011 1822 1105 1864 erat,
1125 1822 1171 1855 ut
1200 1831 1262 1855 ne-

73 1895 149 1932 que
168 1882 357 1920 sustinere
380 1895 421 1919 se
439 1896 463 1919 a
480 1883 591 1931 lapsu
616 1887 772 1932 possent
797 1896 877 1929 nee,
899 1882 966 1932 qui
989 1883 1146 1932 paulum
1169 1883 1264 1919 titu-

72 1946 241 1993 bassent,
261 1947 405 1984 haerere
430 1947 536 1983 affixi
558 1947 721 1996 vestigio
749 1960 826 1993 suo,
857 1947 999 1996 aliique
1024 1959 1140 1996 super
1166 1946 1262 1984 alios

72 2015 114 2048 et
132 2010 307 2047 iumenta
326 2015 367 2048 et
387 2011 561 2048 homines
580 2012 829 2050 succiderent.

5 2072 55 2110 36
152 2074 329 2112 Ventum
350 2076 488 2113 deinde
506 2076 555 2112 ad
573 2076 696 2112 multo
716 2075 976 2125 angustiorem
994 2085 1130 2125 rupem
1144 2078 1261 2125 atque

72 2170 129 2194 The
170 2169 278 2194 descent
314 2168 337 2194 ΞΒ
363 2140 420 2176 ita
447 2140 561 2176 rectis
589 2140 702 2193 saxis,
729 2144 774 2177 ut
798 2152 896 2194 aegre
921 2140 1126 2189 expeditus
1150 2139 1261 2176 miles

71 2200 154 2224 much
165 2203 269 2230 Steepes
283 2200 337 2224 ³³⁴¹
364 2204 628 2248 tentabundus
642 2199 894 2253 inanibusque
906 2205 1078 2242 retinens
1089 2204 1261 2254 virgulta

71 2231 118 2255 the
193 2230 337 2261 hardships

71 2262 185 2292 great-er,
366 2281 409 2305 ac
429 2268 568 2318 stirpes
590 2268 690 2306 circa
711 2269 925 2306 eminentes
950 2268 1154 2306 demittere
1177 2279 1258 2306 sese
