1434 2402
145 118 192 152 84
664 110 723 146 LI
733 110 811 146 Vll

110 234 126 257 9
145 214 242 249 linos
268 213 370 248 adire
396 212 631 246 iuberentur.
693 208 779 253 Qui,
802 207 984 256 inspectis
1008 206 1191 243 fatalibus
1211 205 1331 253 libris,

145 308 192 331 nas
215 307 259 331 the
279 306 406 336 Sibyllino
435 275 669 310 rettulerunt
689 272 874 321 patribus,
900 271 1003 319 quod
1016 271 1098 307 eius
1115 270 1206 307 belli
1220 283 1334 307 causa

144 336 376 362 b00¹<⁸⁰0¹¹⁸¹¹¹ted
436 342 569 374 votum
607 337 729 374 Marti
762 337 871 381 foret,
905 335 944 371 id
978 347 1055 371 non
1087 335 1161 371 rite
1185 335 1334 371 factum

98 426 126 442 ,ο
143 404 189 439 de
226 403 375 451 integro
412 406 528 450 atque
566 400 731 449 amplius
770 399 993 435 faciundum
1033 411 1124 445 esse,
1166 402 1205 435 et
1244 397 1334 435 Iovi

144 467 252 503 ludos
282 479 439 516 magnos
466 470 505 503 et
533 466 631 502 {edes
661 464 807 501 Veneri
838 464 1015 512 Erycinae
1041 476 1084 499 ac
1109 463 1241 500 Menti
1269 475 1335 500 vo-

146 532 289 567 vendas
319 544 407 578 esse,
442 535 481 567 et
517 529 837 579 supplicationem
876 528 1233 577 lectisterniumque
1268 527 1334 564 ha-

146 598 323 642 bendum,
356 599 396 632 et
423 608 490 631 ver
515 607 662 631 sacrum
698 593 930 639 vovendum,
953 593 985 629 si
1014 592 1201 629 bellatum
1232 604 1334 641 pros-

145 674 234 710 pere
264 665 363 697 esset
390 672 526 708 rosque
554 658 707 707 publica
733 658 775 693 in
801 658 945 703 eodem,
973 669 1049 705 quo
1075 661 1165 693 ante
1189 656 1333 692 bellum

98 745 124 761 ιι
145 726 289 771 fuisset,
315 729 418 761 statu
440 723 719 772 permansisset.
772 722 948 764 Senatus,
966 721 1147 770 quoniam
1169 720 1334 757 Fabium

147 790 237 826 belli
257 802 348 827 cura
367 792 599 837 occupatura
619 792 727 833 esset,
751 787 806 823 M.
831 786 1038 822 AEmilium
1058 789 1264 835 praetorem
1285 798 1334 821 ex

146 853 294 902 collegii
314 852 537 902 pontificum
559 852 764 897 sententia,
786 852 915 887 omnia
934 864 979 887 ea
997 856 1042 886 ut
1058 854 1211 887 mature
1224 850 1332 896 fiant,

80 919 126 955 10
147 932 277 955 curare
304 918 420 954 iubet.
480 917 557 953 His
577 923 734 953 senatus
758 915 943 952 consultis
963 914 1157 964 perfectis,
1179 915 1222 952 L.
1247 914 1335 951 Cor—

148 983 271 1020 nelius
285 982 473 1018 Lentulus
488 981 663 1031 pontifex
675 981 878 1026 maximus,
894 980 1117 1017 consulente
1131 979 1335 1028 collegium

148 1051 318 1097 praetore,
353 1046 524 1083 omnium
563 1046 729 1095 primum
762 1046 945 1094 populum
978 1045 1256 1081 consulendum
1289 1043 1336 1081 de

149 1125 236 1148 vere
262 1124 366 1148 sacro
401 1115 552 1147 censet:
591 1110 738 1146 iniussu
770 1109 902 1158 populi
935 1109 1064 1146 voveri
1100 1122 1178 1145 non
1212 1121 1333 1158 posse.

436 1175 610 1223 Rogatus
640 1174 681 1209 in
700 1174 780 1210 haec
800 1174 918 1210 verba
937 1173 1102 1222 populus
1119 1186 1126 1209 :
1158 1175 1179 1193 “
1192 1172 1337 1209 Velitis

147 1207 201 1231 and
213 1214 229 1230 a
244 1213 289 1230 ver
299 1213 406 1231 sacrum

147 1238 332 1292 {gffgffinwffi}¹
363 1238 410 1291 3¹¹2
438 1239 652 1275 iubeatisne
680 1238 759 1274 haec
786 1238 838 1274 sic
866 1238 975 1274 fieri?
1032 1237 1074 1274 Si
1097 1250 1156 1274 res
1184 1236 1338 1286 publica

148 1299 240 1328 9⁰09¹²
438 1303 571 1352 populi
600 1303 768 1338 Romani
800 1302 1015 1346 Quiritium
1044 1302 1092 1338 ad
1123 1302 1338 1350 quinquen-

149 1367 254 1403 nium
276 1366 506 1415 proximum‚
528 1366 626 1402 sicut
645 1366 761 1402 veliin
782 1378 1030 1415 voveamque,
1052 1366 1160 1402 salva
1185 1369 1339 1402 servata

150 1431 222 1467 erit
249 1430 352 1466 hisce
381 1430 529 1477 duellis,
552 1430 653 1479 quod
682 1431 854 1467 duellum
880 1430 1022 1479 populo
1046 1430 1226 1466 Romano
1249 1442 1338 1467 cum

151 1495 460 1543 Carthaginiensi
494 1500 562 1540 est,
597 1507 755 1543 quaeque
792 1494 921 1531 duella
953 1507 1041 1531 cum
1075 1493 1200 1531 Gallis
1232 1497 1337 1541 sunt,

118 1585 132 1607 3
151 1560 218 1608 qui
237 1560 289 1595 cis
313 1560 432 1608 Alpes
453 1564 553 1605 sunt,
577 1564 660 1595 tum
681 1560 826 1596 donum
846 1559 932 1596 duit
951 1559 1117 1608 populus
1138 1558 1340 1596 Romanus

152 1623 375 1670 Quiritium,
397 1624 500 1673 quod
519 1637 587 1660 ver
606 1624 783 1660 attulerit
802 1637 851 1660 ex
870 1624 996 1669 suillo,
1017 1624 1146 1670 ovillo,
1168 1623 1336 1673 caprino,

152 1688 292 1724 bovillo
311 1701 434 1736 grege,
456 1701 614 1737 quaeque
641 1689 799 1737 profana
825 1693 950 1734 erunt,
975 1688 1061 1724 Iovi
1079 1688 1175 1735 fieri,
1196 1701 1246 1724 ex
1264 1700 1341 1737 qua

119 1781 132 1801 4
152 1752 212 1789 die
242 1758 398 1789 senatus
428 1753 668 1801 populusque
696 1753 860 1790 iusserit.
920 1753 998 1797 Qui
1027 1753 1154 1799 faciet,
1185 1753 1340 1802 quando

152 1817 257 1853 volet
276 1830 427 1866 quaque
446 1817 528 1866 lege
548 1818 662 1864 volet,
683 1818 821 1865 facito,
850 1831 926 1866 quo
952 1818 1065 1855 modo
1089 1817 1202 1863 faxit,
1223 1817 1341 1867 probe

121 1896 133 1920 5
151 1882 294 1918 factum
316 1885 405 1918 esto.
466 1882 506 1918 Si
532 1882 571 1918 id
598 1884 771 1927 moritur,
793 1883 895 1931 quod
922 1883 1005 1919 fieri
1031 1882 1236 1932 oportebit,
1257 1894 1340 1931 pro-

153 1948 285 1982 fanum
314 1950 405 1993 esto,
428 1959 552 1995 neque
581 1947 703 1983 scelus
733 1952 822 1985 esto.
882 1948 922 1984 Si
951 1947 1038 1996 quis
1066 1951 1222 1997 rumpet
1248 1947 1338 1985 occi-

154 2011 265 2047 detve
281 2010 456 2056 insciens,
474 2024 521 2047 ne
538 2012 640 2047 fraus
656 2016 745 2048 esto.
798 2011 839 2048 Si
858 2012 944 2061 quis
965 2013 1109 2061 clepsit,
1131 2025 1181 2049 ne
1198 2011 1340 2062 populo

120 2085 135 2108 6
154 2075 274 2111 scelus
303 2079 394 2121 esto,
416 2087 512 2112 neve
540 2076 601 2112 cui
631 2076 798 2125 cleptum
827 2076 911 2113 erit.
971 2077 1012 2114 Si
1041 2080 1126 2114 atro
1154 2077 1218 2114 die
1241 2076 1343 2114 faxit

154 2139 328 2183 insciens,
363 2140 479 2188 probe
512 2139 656 2176 factum
688 2145 777 2177 esto.
851 2141 892 2178 Si
924 2145 1037 2178 nocte
1068 2141 1151 2178 sive
1183 2140 1280 2188 luce,
1309 2139 1343 2177 si

154 2216 286 2240 servus
305 2204 385 2240 sive
403 2204 500 2240 liber
520 2204 630 2248 faxit,
652 2206 768 2253 probe
794 2206 940 2242 sactum
960 2211 1051 2243 esto.
1112 2205 1154 2243 Si
1172 2205 1340 2254 antidea,
