1434 2402
121 96 196 133 132
638 87 788 126 LII'II

119 190 210 239 quia
228 189 276 226 ab
296 188 404 224 hoste
425 190 482 222 est
502 189 704 231 cessatum,
727 185 780 221 sic
800 187 927 232 strage
947 183 1139 220 exercitus
1158 183 1312 232 gravior

88 266 102 290 3
119 252 339 300 foediorque.
398 249 508 297 Fuga
533 260 699 296 namque
719 247 768 283 ad
787 246 922 283 Aliam
949 247 1050 283 sicut
1074 247 1210 284 urbem
1229 259 1312 296 pro·

119 317 229 363 didit,
264 316 321 351 ita
354 312 570 349 exercitum
602 311 773 348 servavit
789 324 799 357 3
830 310 879 346 ad
912 310 1065 347 Cannas
1097 311 1311 360 fugientem

118 379 311 417 consulem
331 377 400 413 vix
423 375 706 425 quinquaginta
731 374 853 411 secuti
878 378 982 420 sunt,
1011 373 1172 411 alterius
1198 373 1312 411 mori-

119 442 219 479 entis
238 453 356 490 prope
376 444 481 476 tot-us
501 439 694 476 exercitus
714 438 802 474 fuit.

88 520 103 543 4
199 506 310 543 Binis
344 505 386 541 in
416 505 551 542 castris
584 516 705 552 quum
735 502 947 539 multitudo
977 501 1189 539 semiermis
1223 501 1307 540 sine

119 586 200 610 some
217 585 246 609 of
261 585 305 608 the
326 590 384 619 sup-
412 569 573 605 ducibus
594 575 702 613 esset,
725 567 920 614 nuntium,
943 567 1010 616 qui
1036 567 1078 603 in
1097 567 1310 604 maioribus

118 615 384 677 iwssj‘r'rtffiffilssiisiiiiif
413 636 534 677 erant,
568 633 745 678 mittunt,
779 632 872 667 dum
914 631 1060 680 proelio,
1094 632 1234 668 deinde
1262 645 1312 669 ex

118 699 254 737 laetitia
273 699 395 748 epulis
415 697 594 746 fatigatos
615 695 722 744 quies
750 700 938 732 nocturna
957 696 1085 732 hostes
1105 700 1308 744 premeret,

119 768 165 801 ut
190 763 239 800 ad
262 775 303 800 se
328 762 564 799 transirent:
605 773 682 796 uno
710 760 863 808 agmine
894 760 1107 797 Canusium
1137 760 1310 798 abituros

86 848 102 872 5
120 841 210 866 esse.
269 827 367 863 Eam
387 825 619 863 sententiam
641 824 708 860 alii
727 828 850 860 totam
870 824 1067 873 aspernari
1079 837 1090 871 3
1119 837 1188 861 cur
1206 825 1310 862 enim

55 892 57 894 ’
83 911 88 915 «
117 891 216 938 illos,
247 891 316 940 qui
344 902 384 926 se
407 893 612 935 arcessant,
644 889 744 936 ipsos
773 901 851 924 non
881 888 1023 935 venire,
1054 901 1175 937 quum
1203 900 1310 937 aeque

119 955 302 1005 coniungi
327 955 508 1004 possent?
539 954 630 1003 quia
651 953 828 990 videlicet
853 953 967 1002 plena
986 953 1158 990 hostium
1180 954 1310 991 omnia

117 1022 160 1058 in
188 1021 315 1057 medio
341 1024 479 1066 essent,
510 1023 550 1056 et
577 1019 741 1055 aliorum
770 1031 886 1067 quam
915 1031 985 1055 sua
1013 1031 1172 1068 corpora
1199 1023 1309 1057 tanto

87 1084 287 1134 epericulo
321 1084 483 1120 mallent
516 1082 688 1119 obiicere.
751 1082 858 1118 Aliis
890 1095 970 1118 non
1003 1085 1085 1119 tam
1116 1084 1310 1121 sententia

118 1146 317 1195 displicere
344 1159 460 1195 quam
484 1145 636 1181 animus
662 1145 799 1182 deesse.
860 1144 903 1182 P.
928 1144 1177 1194 Sempronius
1196 1145 1310 1182 Tudi-

117 1213 233 1245 tanus
261 1209 441 1245 tribunus
468 1209 639 1244 militum
672 1207 802 1256 “Capi
821 1221 910 1256 ergo
935 1207 1153 1244 mavultis'’
1178 1208 1310 1257 inquit

120 1274 202 1310 “ab
244 1273 467 1309 avarissimo
505 1277 544 1309 et
581 1272 843 1308 crudelissimo
889 1271 1010 1318 hoste,
1049 1272 1309 1321 aestimarique

117 1338 243 1386 capita
261 1341 389 1373 vestra
408 1341 447 1374 et
467 1336 619 1385 exquiri
645 1336 770 1384 pretia
797 1337 845 1372 ab
868 1335 1210 1385 interrogantibUS,
1233 1337 1310 1373 Ro-

115 1414 253 1438 manus
284 1401 379 1437 civis
413 1401 464 1437 sis
497 1414 547 1437 an
576 1400 741 1436 Latinus
768 1400 901 1446 socius,
929 1404 975 1436 ut
1002 1414 1052 1437 ex
1078 1404 1148 1437 tua
1175 1405 1309 1438 contu-

86 1484 100 1508 7
117 1467 231 1503 melia
260 1470 300 1503 et
328 1465 483 1502 misc-ria
510 1465 624 1501 alteri
649 1464 770 1501 honos
799 1465 1020 1514 quaeratur?
1076 1465 1170 1502 Non
1198 1469 1255 1512 tu,
1275 1467 1308 1503 si

115 1531 271 1580 quidem
302 1530 345 1567 L.
375 1530 530 1566 AEmilii
559 1529 736 1575 consulis,
770 1530 837 1579 qui
870 1542 909 1565 se
938 1530 1034 1566 bene
1063 1530 1162 1566 mori
1190 1543 1307 1580 quam

115 1595 283 1644 turpiter
310 1595 441 1631 vivere
469 1594 618 1641 maluit,
642 1598 681 1630 et
709 1597 768 1630 tot
796 1594 1095 1630 fortissimorum
1120 1594 1304 1642 virorum,

83 1671 99 1696 8
115 1660 182 1709 qui
201 1659 301 1696 circa
326 1672 413 1696 eum
433 1658 622 1696 cumulati
646 1658 784 1704 iacent,
807 1658 909 1695 cives
938 1658 1039 1696 estis.
1099 1659 1172 1696 Sed
1202 1663 1307 1696 ante-

115 1737 232 1773 quam
260 1724 444 1773 opprimit
470 1724 541 1760 lux
569 1723 790 1772 maioraque
818 1722 990 1759 hostium
1015 1723 1170 1773 agmina
1192 1724 1307 1761 obsae-

114 1789 229 1838 piuni]
256 1788 342 1835 iter,
373 1801 441 1837 per
469 1789 549 1835 hos,
579 1788 647 1837 qui
674 1787 887 1824 inordinati
915 1792 1031 1837 atque
1060 1788 1307 1838 incompositi

83 1873 99 1898 9
115 1854 342 1903 obstrepunt
371 1854 503 1902 portis,
537 1865 793 1901 erumpamus.
852 1852 971 1889 Ferro
1000 1857 1116 1902 atque
1146 1853 1307 1890 audacia

113 1918 177 1954 via
201 1918 246 1954 fit
271 1918 448 1966 quamvis
477 1930 544 1966 per
570 1918 761 1953 confertos
789 1917 928 1955 hostes,
988 1917 1120 1954 Cuneo
1149 1917 1306 1966 quidem

112 1982 185 2020 hoc
209 1983 343 2019 laxum
371 1987 489 2032 atque
524 1982 696 2018 solutum
724 1994 874 2030 agmen,
904 1985 949 2017 ut
977 1981 1011 2018 si
1036 1981 1134 2018 nihil
1165 1982 1303 2029 obstet,

114 2045 289 2082 disiicias.
347 2045 488 2093 Itaque
516 2043 570 2079 ite
598 2055 760 2089 mecum,
791 2043 859 2091 qui
892 2047 931 2079 et
959 2047 1108 2080 vosmet
1136 2042 1237 2092 ipsos
1267 2046 1306 2079 et

68 2128 99 2145 10
114 2122 194 2146 rem
223 2110 416 2158 publicam
445 2108 590 2145 salvam
619 2106 772 2143 vultis.”
830 2106 926 2143 Haec
956 2107 1024 2144 ubi
1052 2107 1157 2143 dicta
1184 2106 1302 2153 dedit,

114 2171 272 2221 stringit
296 2172 479 2222 gladium,
501 2184 698 2221 cuneoque
719 2172 817 2208 facto
837 2184 904 2219 per
924 2172 1069 2209 medios
1090 2172 1198 2209 vadit
1221 2172 1304 2215 hos-
