1403 2438
540 109 711 147 LIBER
746 108 869 147 XXI.
1247 106 1294 145 47

110 223 225 261 quam
259 209 391 258 magni
421 208 589 246 nominis
626 208 770 245 bellum
802 211 871 254 est,
904 210 984 243 tam
1014 205 1205 243 difficilem
1233 218 1298 242 ex-

109 273 326 311 istimaritis
343 273 546 310 victoriam
573 273 677 319 f01·e;
706 284 806 320 saepc
836 275 875 308 et
904 274 1147 319 contemptus
1175 269 1297 306 hostis

108 342 311 376 cruentum
349 343 544 375 certamen
572 336 694 373 edidit
726 340 765 372 et
797 336 923 372 incliti
954 334 1086 383 populi
1113 346 1297 383 regesque

107 403 253 453 perlevi
282 406 477 438 momento
505 401 600 438 victi
629 404 731 437 sunt.
795 399 898 436 Nam
927 400 1084 448 dempto
1111 398 1182 435 hoo
1218 411 1296 435 uno

108 467 256 516 fulgore
296 466 465 502 nominis
511 464 690 511 Romani,
739 463 833 512 quid
879 467 948 510 est,
988 476 1056 499 cur
1092 464 1151 499 illi
1187 463 1297 499 vobis

108 529 355 580 comparandi
374 530 480 567 sint?
535 529 596 566 Ut
626 528 769 577 viginti
794 541 985 564 annorum
1009 528 1191 564 militiam
1216 540 1296 564 ves-

109 599 210 632 tiam
236 607 324 631 cum
357 594 424 630 illa
449 594 608 640 virtute,
639 605 726 629 cum
755 592 824 629 illa
848 592 1005 629 fortuna
1032 617 1085 642 und
1125 617 1224 642 should
1264 617 1298 642 be

108 663 267 706 taceam,
288 659 336 695 ab
364 658 546 695 Herculis
566 657 764 703 columnis,
783 657 831 693 ab
852 656 1004 693 Oceano
1031 656 1078 704 {⁴⁰3⁵
1102 649 1297 709 ἑζξθῖζζιζᾟζ

108 723 361 772 terminisque
375 722 528 759 ultimis
543 727 732 759 terrarum
749 733 818 770 per
833 725 892 757 tot
907 721 1002 757 fero·
1029 717 1059 735 ²³³
1072 710 1163 739 ‘hem'

107 786 280 824 cissimos
317 786 520 836 Hispaniae
555 789 595 822 et
627 785 764 822 Galliae
795 784 959 833 populos
992 784 1192 820 vincentes
1220 782 1296 819 huc

108 851 340 901 pervenistis
357 864 368 898 3
399 850 624 900 pugnabitis
651 862 738 886 cum
762 849 936 885 exercitu
958 849 1097 893 tirone,
1118 847 1189 884 hac
1213 846 1298 895 ipsa

108 918 242 952 aestate
262 927 369 958 caeso,
390 914 503 961 victo,
530 913 777 950 circumsesso
803 924 826 948 a
853 912 987 959 Gallis,
1013 912 1145 961 ignoto
1170 912 1296 949 adhuc

109 978 199 1015 duci
228 991 298 1015 suo
327 977 599 1027 ignorantique
632 977 779 1015 ducem.
849 978 918 1014 An
951 989 1012 1013 me
1044 977 1086 1012 in
1118 975 1296 1026 praetorio

109 1042 241 1092 patris,
262 1041 464 1078 clarissimi
484 1041 738 1090 imperatoris,
759 1055 878 1092 prope
900 1045 1047 1087 natum,
1065 1046 1167 1078 certe
1187 1041 1297 1077 eduo-

109 1109 207 1151 tum,
222 1104 450 1141 domitorem
466 1104 669 1154 Hispaniae
683 1104 905 1154 Galliaeque,
927 1104 1110 1141 victorem
1131 1103 1295 1140 eundem

109 1181 188 1206 non
220 1168 458 1218 Alpinarum
495 1168 608 1204 modo
644 1168 831 1217 gentium,
871 1168 937 1205 sed
974 1167 1155 1217 ipsarum,
1194 1166 1296 1217 quod

109 1232 234 1269 multo
259 1231 383 1268 maius
408 1236 477 1278 est,
508 1231 684 1280 Alpium,
706 1245 793 1269 cum
819 1231 994 1269 semestri
1012 1231 1084 1268 hoc
1103 1230 1295 1268 conseram

110 1297 217 1343 duce,
254 1296 447 1333 desertore-
481 1296 674 1333 exercitus
711 1296 797 1333 sui?
838 1296 900 1332 cui
937 1295 969 1332 si
1007 1296 1093 1345 quis
1131 1293 1296 1344 demptis

111 1361 230 1409 signis
257 1361 398 1398 Poenos
426 1361 699 1410 Romanosque
728 1361 840 1398 hodie
873 1360 1065 1407 ostendat,
1100 1359 1296 1408 ignoratu-

110 1437 198 1461 rum
226 1428 374 1461 certum
403 1423 536 1470 habeo,
565 1424 694 1461 utrius
719 1423 914 1461 exercitus
932 1423 985 1460 sit
1003 1422 1146 1459 consul.
1203 1421 1294 1458 Non

112 1501 181 1538 ego
195 1488 293 1525 illud
305 1488 416 1538 parvi
436 1489 594 1535 aestimo,
611 1488 766 1535 milites,
783 1488 886 1537 quod
905 1500 1017 1524 nemo
1037 1491 1094 1524 est
1110 1490 1294 1532 vestrum,

112 1553 221 1590 cuius
248 1566 327 1590 non
355 1557 447 1590 ante
474 1553 603 1590 oculos
629 1553 711 1603 ipse
733 1566 833 1603 saepe
858 1553 1025 1590 militare
1045 1551 1201 1601 aliquod
1221 1550 1296 1588 edi-

112 1617 233 1655 derim
256 1617 415 1666 facinus,
442 1617 503 1654 cui
529 1630 608 1654 non
633 1618 733 1654 idem
762 1630 831 1666 ego
859 1617 1020 1653 virtutis
1044 1620 1236 1666 spectator
1254 1627 1298 1651 30

115 1682 222 1719 testis
250 1685 386 1719 notata
413 1681 652 1731 temporibus
679 1682 849 1731 locisque
881 1682 1024 1720 referre
1053 1694 1123 1718 sua
1155 1680 1296 1730 possim

111 1734 305 1793 decoras)
314 1745 412 1783 Cum
438 1746 607 1783 laudatis
632 1759 655 1782 3
681 1759 740 1783 me
759 1746 899 1783 millies
919 1745 1158 1794 donatisque,
1178 1745 1298 1781 alum-

112 1820 186 1846 nus
203 1798 312 1858 prius
333 1809 505 1846 omnium
525 1814 697 1846 vestrum
719 1822 833 1858 quam
853 1809 1072 1859 imperator,
1094 1809 1298 1858 procedam

1318 417 1346 434 ¹2

1319 547 1348 570 ¹3

1316 863 1347 887 14

1318 1306 1347 1330 16

1319 1442 1346 1466 ¹7

1319 1752 1349 1778 18

111 1872 157 1910 in
192 1873 311 1910 aciem
353 1873 537 1910 adversus
580 1872 732 1922 ignotos
769 1873 872 1909 inter
909 1885 949 1909 se
985 1872 1295 1921 ignorantesque.
1322 1902 1324 1904 -

113 1937 352 1986 Quocunque
379 1935 600 1973 circumtuli
624 1935 765 1983 oculos,
793 1936 906 1985 plena
931 1935 1061 1972 omnia
1087 1934 1199 1971 video
1218 1933 1297 1971 ani-
1315 1932 1367 1971 44

113 2015 262 2039 morum
301 2015 344 2039 30
376 2001 534 2050 roboris,
572 2005 800 2039 veteranum
839 2000 1018 2049 peditem,
1056 1997 1297 2049 generosissi-

111 2078 263 2103 marum
295 2066 471 2115 gentium
503 2066 653 2116 equites
685 2066 857 2103 frenatos
894 2065 1194 2113 infrenatosque,
1229 2075 1297 2100 vos

113 2130 233 2167 socios
253 2129 493 2167 fidelissimos
511 2129 826 2178 fortissimosque,
849 2139 926 2173 vos,
946 2125 1295 2175 Carthaginienses

113 2205 231 2242 quum
249 2207 320 2242 pro
339 2193 474 2243 patria,
491 2197 576 2230 tum
596 2193 644 2230 ob
659 2192 755 2229 iram
776 2191 1024 2229 iustissimam
1045 2192 1296 2240 pugnaturos,
