1403 2438
485 137 657 175 LIBER
693 136 816 174 XXI.
1194 134 1239 171 51

57 236 180 272 css'usa
197 234 451 272 iaculatorum
473 236 640 272 maxime
660 236 747 282 fuit,
769 247 865 283 quos
890 234 1034 283 primos
1060 231 1243 269 Numidae

56 300 286 336 invaserunt
301 312 313 346 3
360 300 460 336 alius
497 301 692 337 confertus
733 300 933 348 equitatus
970 297 1166 334 consulem
1203 297 1245 333 in

57 364 227 401 medium
260 369 470 413 acceptum,
505 377 584 401 non
613 364 731 400 armis
762 363 885 409 modo,
921 363 987 400 sed
1018 362 1136 399 etiam
1165 374 1244 398 cor-

57 427 218 477 poribus
254 427 334 464 suis
371 432 587 477 protegens,
626 428 665 463 in
705 432 833 463 castra
869 439 1059 475 nusquam
1097 425 1245 475 trepide

58 502 182 539 neque
207 491 325 527 effuse
352 491 521 527 cedendo
540 490 708 528 reduxit.
766 490 921 526 Servati
944 489 1111 526 consulis
1130 489 1245 526 decus
1267 501 1298 518 ¹0

59 554 199 591 Caelius
229 554 278 591 ad
305 567 461 591 servum
488 554 646 592 natione
684 555 867 604 Ligurem
900 554 1052 604 delegat
1068 567 1079 600 3
1112 554 1245 590 malim

58 620 236 668 equidem
263 620 311 656 de
338 619 418 656 filio
444 631 580 655 verum
607 631 698 665 esse,
721 618 823 668 quod
844 622 883 654 et
901 618 1032 667 plures
1051 617 1246 654 tradidere

58 687 232 720 auctores
251 687 290 719 et
309 682 413 719 fama
432 682 612 719 obtinuit.

139 746 229 783 Hoc
258 747 426 796 primum
460 759 547 783 cum
581 747 806 784 Hannibale
835 747 1014 797 proelium
1042 745 1142 792 fuit3
1171 757 1246 794 quo
1263 742 1314 781 47

60 811 173 848 facile
200 812 391 860 apparuit,
422 809 492 863 [et]
523 811 700 860 equitatu
728 812 924 849 meliorem
954 811 1119 848 Poenum
1151 822 1245 856 esse,

60 885 101 912 et
136 875 185 912 ob
222 875 261 911 id
295 887 448 924 campos
481 879 667 924 patentes,
699 876 830 924 quales
863 880 956 913 sunt
983 906 1249 931 andretiretowards

61 939 164 976 inter
206 939 357 976 Padum
401 939 611 989 Alpesque,
652 940 752 976 bello
788 941 955 989 gerendo
985 937 1130 967 P¹³⁶⁰¹¹²i¹²⁸

64 1002 250 1039 Romanis
268 1007 379 1051 aptos
399 1015 477 1039 non
498 1015 586 1041 csse.
638 1003 777 1052 Itaque
796 1004 972 1053 proxima
991 1009 1114 1051 nocte,
1134 1004 1249 1041 iussis
1266 1022 1281 1039 2

61 1067 252 1104 militibus
270 1079 362 1104 vasa
388 1067 542 1104 silentio
563 1068 752 1116 colligere,
777 1072 904 1105 castra
922 1069 970 1105 ab
990 1068 1124 1105 Ticino
1143 1072 1249 1105 mota

59 1131 364 1180 festinatumque
389 1131 438 1167 ad
461 1131 613 1167 Padum
636 1137 704 1178 est,
727 1137 772 1169 ut
798 1133 957 1181 ratibus,
979 1133 1119 1182 quibus
1138 1132 1250 1168 iunx-

59 1200 146 1232 erat
182 1196 338 1242 flumen,
370 1196 545 1233 nondum
582 1197 762 1234 resolutis
799 1198 882 1234 sine
919 1197 1095 1234 tumultu
1132 1201 1250 1247 atque

61 1250 316 1296 insectatione
351 1259 474 1297 hostis
510 1260 638 1309 copias
676 1260 878 1297 traiiceret.
939 1261 1056 1298 Prius
1093 1261 1250 1298 Placen-
1267 1275 1283 1299 3

65 1323 157 1359 tiam
184 1335 405 1372 pervenere,
431 1335 546 1372 quam
573 1323 668 1360 satis
691 1324 807 1360 sciret
826 1324 1029 1360 Hannibal
1049 1325 1097 1360 ab
1117 1324 1250 1360 Ticino

61 1388 252 1438 profectos
267 1402 277 1435 3
307 1392 439 1424 tamen
463 1388 511 1424 ad
535 1392 735 1425 sexcentos
754 1393 993 1425 moratorum
1012 1389 1054 1425 in
1073 1388 1250 1425 citeriore

62 1454 147 1503 ripa
175 1452 285 1499 Padi,
317 1453 486 1501 segniter
509 1457 632 1490 ratem
663 1453 866 1500 solventes,
901 1453 1011 1501 cepit.
1071 1452 1250 1489 Transire

62 1521 220 1566 pontem
250 1529 330 1553 non
363 1517 500 1565 potuit,
536 1521 582 1553 ut
611 1521 784 1554 extrema
811 1517 981 1553 resoluta
1011 1520 1132 1563 erant,
1167 1520 1251 1553 tota

62 1585 145 1618 rate
173 1581 216 1617 in
243 1581 450 1618 secundam
479 1594 618 1630 aquam
647 1581 810 1618 labente.
870 1580 1009 1618 Caelius
1029 1585 1162 1617 auctor
1180 1584 1248 1628 est,
1268 1597 1283 1622 ⁴

63 1645 271 1695 Magonem
297 1658 384 1682 cum
412 1644 590 1693 equitatu
617 1648 656 1681 et
681 1644 871 1693 Hispanis
891 1644 1088 1693 peditibus
1106 1643 1251 1680 fiumen

62 1709 257 1758 extemplo
284 1713 470 1755 tranasse,
499 1708 628 1758 ipsum
658 1708 925 1745 Hannibalem
955 1722 1023 1758 per
1055 1708 1253 1758 superiora

63 1772 162 1810 Padi
180 1774 281 1811 vada
300 1775 513 1811 exercitum
533 1773 762 1820 traduxisse,
782 1773 998 1823 elephantis
1017 1773 1058 1810 in
1078 1773 1252 1810 ordinem

60 1837 112 1874 ad
139 1838 410 1875 sustinendum
438 1838 628 1887 impetum
656 1838 828 1875 fluminis
856 1838 1052 1887 oppositis.
1112 1837 1172 1874 Ea
1190 1850 1251 1887 pe-
1269 1852 1284 1877 5

61 1900 149 1937 ritis
167 1901 292 1937 amnis
311 1900 394 1938 eius
413 1901 482 1937 vix
501 1901 616 1937 fidem
636 1900 798 1938 fecerint
809 1915 821 1950 3
849 1914 940 1938 nam
959 1914 1084 1951 neque
1103 1901 1252 1950 equites

62 1963 180 2000 armis
207 1964 392 2013 equisque
420 1964 537 2000 salvis
564 1968 717 2001 tantam
745 1964 826 2000 vim
854 1964 1025 2001 fluminis
1053 1976 1252 2013 superasse

60 2027 146 2064 veri
173 2027 299 2064 simile
329 2032 397 2075 est,
427 2032 474 2065 ut
505 2029 584 2066 iam
617 2029 818 2077 Hispanos
850 2041 981 2065 omnes
1013 2028 1142 2065 inflati
1175 2031 1252 2065 tra-

63 2092 243 2129 vexerint
278 2097 397 2140 utres,
433 2097 472 2130 et
508 2094 721 2131 multorum
759 2094 910 2130 dierum
948 2093 1115 2130 circuitu
1151 2092 1251 2130 Padi

62 2159 164 2196 vada
194 2159 363 2209 petenda
396 2159 565 2206 fuerunt,
601 2172 678 2209 qua
708 2159 903 2196 exercitus
931 2158 1063 2208 gravis
1094 2157 1254 2207 impedi-

62 2222 204 2261 mentis
239 2222 392 2261 traduci
428 2227 564 2272 posset.
624 2222 802 2260 Potiores
838 2222 942 2273 apud
978 2234 1041 2259 me
1077 2225 1253 2258 auctores
1271 2227 1287 2252 6

1028 2297 1140 2337 4—‘2
