1403 2438
530 144 701 181 LIBER
739 142 860 180 XXI.
1265 139 1287 175 9

100 241 176 279 seri
200 242 334 288 solent,
356 241 421 278 sed
447 241 556 278 iustae
581 241 692 285 acies,
712 240 820 277 velut
846 237 995 288 patenti
1020 249 1163 286 campo,
1186 236 1290 273 inter

101 306 234 344 ruinas
252 307 354 343 muri
374 311 551 355 tectaque
570 305 678 342 urbis
704 305 852 341 modico
877 303 1062 340 distantia
1082 300 1289 339 intervallo

101 371 366 409 constiterant.
399 371 506 407 Hinc
521 383 616 419 spes,
634 369 722 405 hinc
742 369 959 417 desperatio
979 367 1126 404 animos
1145 365 1286 412 irritat,
1305 373 1323 400 3

103 435 224 473 Poeno
243 432 385 485 cepisse
409 435 484 472 iam
511 447 550 471 se
569 434 714 479 urbem,
737 433 769 469 si
796 433 954 482 paulum
980 432 1192 478 annitatur,
1213 442 1291 468 cre-

101 500 230 546 dente,
252 499 477 549 Saguntinis
506 511 574 548 pro
598 497 745 534 nudata
770 497 961 533 moenibus
980 496 1107 546 patria
1132 507 1292 545 corpora

101 565 386 616 opponentibus
405 576 474 600 nec
495 563 573 599 ullo
599 563 734 612 pedem
758 561 962 608 referente,
984 573 1031 597 ne
1050 561 1092 596 in
1111 560 1291 596 relictum

102 643 124 666 a
148 642 189 667 se
213 629 338 666 locum
361 629 512 666 hostem
536 627 775 664 immitteret.
834 626 976 675 Itaque
1001 637 1076 673 quo
1101 624 1226 661 acrius
1251 627 1291 660 et
1309 639 1325 664 9

102 694 267 733 conferti
294 694 416 744 magis
443 693 627 742 utrinque
655 691 892 742 pugnabant,
915 703 958 727 eo
983 690 1114 739 plures
1139 688 1293 725 vulner-

102 760 280 806 abantur,
319 759 428 796 nullo
465 758 568 794 inter
601 769 707 794 arma
740 768 974 805 corporaque
1007 766 1109 791 vano
1138 752 1293 790 interci-

103 824 219 860 dente
250 824 336 861 telo.
395 821 600 860 Phalarica
628 825 711 858 erat
740 819 968 869 Saguntinis
995 818 1140 855 missile
1168 817 1292 855 telum
1313 835 1346 852 ιο

103 888 236 942 hastili
263 889 424 937 abiegno
453 891 494 924 et
517 891 641 924 cetera
667 885 783 922 tereti
807 888 1064 934 praeterquam
1092 882 1142 919 ad
1167 886 1294 919 extre-

104 966 225 1000 mum²
243 953 346 990 unde
374 953 520 989 ferrum
549 951 728 988 exstabat
742 963 753 997 3
783 950 834 996 id,
860 949 960 985 sicut
987 949 1029 985 in
1057 948 1147 998 pilo,
1178 947 1295 997 quad-

104 1024 231 1054 ratum
252 1021 393 1068 stu'ppa
407 1016 726 1064 circumligabant
745 1014 996 1063 linebantque
1015 1013 1098 1063 pice
1108 1026 1118 1060 ς
1146 1013 1294 1050 ferrum
1315 1035 1341 1052 ιι

104 1086 236 1120 autem
256 1087 334 1120 tres
353 1072 512 1131 longum
532 1080 700 1118 habebat
718 1079 843 1129 pedes,
866 1082 912 1115 ut
931 1092 1017 1115 cum
1037 1078 1154 1115 armis
1173 1081 1296 1114 trans-

104 1147 219 1196 figere
243 1159 379 1196 eorpus
402 1149 539 1196 posset.
598 1144 674 1182 Sed
693 1144 733 1181 id
752 1144 929 1190 maxime,
953 1143 1104 1180 etiamsi
1124 1142 1297 1179 haesisset

105 1211 157 1248 in'
171 1216 280 1248 scuto
305 1224 375 1248 nec
399 1214 640 1260 penetrasset
665 1210 706 1246 in
735 1220 1085 1258 corpus,pavorem
1115 1207 1295 1254 faciebat,
1337 1202 1342 1207 “

105 1276 218 1326 quod,
240 1267 360 1326 quum
379 1276 548 1313 medium
574 1287 775 1311 accensum
804 1272 1028 1310 mitteretur
1054 1277 1297 1322 conceptum·
1317 1292 1346 1308 12

107 1354 182 1390 que
207 1323 294 1391 1‘138‘0
331 1345 440 1378 motu
473 1340 597 1379 multo
633 1339 819 1375 maiorem
857 1339 985 1387 ignem
1023 1328 1154 1384 ferret,
1189 1343 1309 1374 arma.

106 1405 238 1442 omitti
256 1405 415 1454 cogebat
433 1405 657 1453 nudumque
677 1403 844 1440 militem
863 1403 911 1439 ad
931 1403 1179 1452 insequentes
1197 1402 1298 1439 ictus

106 1469 311 1519 praebebat.
372 1468 502 1513 Quum
528 1468 595 1504 diu
620 1460 758 1517 anceps
783 1467 922 1504 fuisset
948 1471 1154 1513 certamen,
1175 1470 1215 1504 et
1234 1467 1298 1505 Sa·
1317 1466 1339 1503 9

108 1532 298 1583 guntinis,
310 1533 403 1583 quia
416 1536 555 1582 praeter
569 1545 676 1582 spem
689 1532 922 1578 resisterent,
938 1531 1149 1568 crevissent
1164 1532 1297 1579 animi,

108 1598 261 1644 Poenus,
297 1597 389 1646 quia
420 1610 499 1634 non
527 1597 696 1641 vicisset,
723 1609 792 1646 pro
820 1597 925 1633 victo
953 1600 1064 1643 esset,
1092 1596 1297 1634 clamorem
1317 1619 1332 1636 2

108 1665 265 1712 repente
283 1661 468 1712 oppidani
488 1662 634 1698 tollunt
653 1661 880 1710 hostemque
900 1662 942 1697 in
961 1660 1094 1698 ruinas
1113 1662 1216 1698 muri
1235 1675 1299 1698 ex-

107 1727 270 1776 pellunt,
304 1717 395 1764 inde
431 1726 662 1776 impeditum
701 1726 1036 1776 trepidantemque
1073 1727 1296 1775 exturbant,

108 1795 301 1841 postremo
319 1791 448 1828 fusum
468 1791 723 1841 fugatumque
742 1791 785 1828 in
804 1794 930 1828 eastra
947 1790 1140 1840 redigunt.

189 1855 356 1893 Interim
383 1857 432 1893 ab
460 1856 587 1893 Roma
614 1855 760 1904 legatos
784 1855 936 1892 venisse
963 1855 1191 1892 nuntiatum
1217 1859 1299 1905 est3
1315 1872 1330 1896 ³

109 1920 250 1970 quibus
275 1920 431 1957 obviam
450 1920 499 1957 ad
524 1933 630 1956 mare
652 1919 762 1956 missi
780 1920 828 1956 ab
848 1919 1003 1956 Hanni·
1031 1950 1088 1974 The
1111 1950 1220 1975 Roman
1242 1914 1314 1975 :am-¹

108 1985 207 2032 bale,
234 1984 302 2034 qui
326 1985 509 2031 dicerent,
536 1997 607 2021 nec
631 1988 719 2021 tuto
745 1997 808 2021 eos
832 1984 1007 2020 adituros
1034 1980 1301 2037 gfffggdoeflann'ffl}

109 2048 214 2086 inter
231 2053 291 2086 tot
309 2053 390 2086 tam
409 2049 682 2086 effrenatarum
697 2048 872 2097 gentium
888 2060 1004 2094 arma,
1035 2041 1143 2066 “fused
1154 2044 1182 2066 ‘⁰
1194 2045 1264 2067 “⁰³²
1305 2047 1308 2049 ’

111 2125 180 2150 nec
208 2113 428 2151 Hannibali
452 2113 493 2150 in
520 2117 632 2150 tanto
663 2113 884 2149 discrimine
909 2125 1040 2149 rerum
1069 2124 1192 2162 operae
1219 2126 1300 2150 esse

112 2177 322 2227 legationes
348 2168 493 2221 audire,
551 2177 792 2227 Apparebat,
812 2189 891 2214 non
915 2176 1101 2214 admissos
1120 2177 1299 2227 protinus
1317 2195 1333 2218 ⁴

115 2240 388 2292 Carthaginem
416 2242 551 2280 ituros.
609 2242 780 2279 Litteras
816 2241 939 2291 igitur
976 2242 1214 2292 nuntiosque
1249 2242 1300 2280 ad
