1455 2454
128 181 178 219 24
649 181 713 219 LI
719 179 801 220 VII

93 303 108 327 ⁵
206 279 274 316 Ab
313 279 485 317 Gadibus
524 279 798 328 Carthaginem
837 279 886 316 ad
922 279 1085 317 hiberna
1121 280 1315 318 exereitus

417 344 534 380 rediit
541 357 552 391 3
571 347 687 392 atque
699 343 788 379 inde
800 343 1134 393 profectuspraeter
1141 344 1315 382 Onusam

418 408 553 444 urbem
581 408 630 444 ad
663 407 857 444 Hiberum
883 408 1080 445 maritima
1104 422 1171 446 ora
1194 409 1311 446 ducit.

93 482 108 506 6
128 473 193 510 Ibi
226 474 328 509 fama
359 477 419 510 est
447 472 489 508 in
514 472 644 521 quiete
669 472 796 508 visum
824 472 872 508 ab
901 485 944 508 eo
972 472 1151 509 iuvenem
1181 473 1316 510 divina

125 538 260 586 specie,
282 537 350 587 qui
369 550 408 574 se
430 537 478 573 ab
505 536 600 573 Iove
624 536 768 573 diceret
793 536 927 573 ducem
952 537 994 573 in
1019 537 1175 574 Italiam
1206 537 1315 574 Han·

127 602 250 643 nibali
269 601 449 647 missum3
480 601 641 650 proinde
666 605 891 650 sequeretur
909 614 1033 651 neque
1052 614 1214 651 usquam
1234 615 1257 638 a
1275 614 1315 639 se

128 368 179 393 His
196 369 279 392 vision
297 375 331 392 on
343 368 389 393 the

125 406 179 430 way
195 400 264 423 from
277 399 374 424 Gades.

101 667 344 707 7deflecteret
363 666 501 703 oculos
561 664 755 701 Pavidum
779 665 913 714 primo,
940 679 1130 715 nusquam
1157 666 1316 703 circum-

125 730 348 780 spicientem
384 733 453 766 aut
489 730 766 778 respicientem,
808 734 983 766 secutum
1000 743 1010 777 3
1057 731 1195 768 deinde
1225 743 1316 768 cura

124 795 272 844 ingenii
299 794 460 830 humani
487 807 618 842 quum,
646 794 834 842 quidnam
862 795 902 831 id
930 799 1040 842 esset,
1071 796 1173 844 quod
1200 795 1316 844 respi-

125 872 208 896 cere
229 859 373 895 vetitus
392 862 499 904 esset,
522 857 686 906 agitaret
706 858 845 906 animo,
867 863 1081 908 temperare
1105 859 1225 896 oeulis
1252 871 1316 895 ne-

93 933 108 957 8
127 923 295 973 quivisse
303 938 313 971 ,-
347 926 431 959 tum
459 922 601 958 vidisse
630 925 716 970 post
741 934 821 959 sese
849 927 1066 972 serpentem
1090 923 1188 960 mira
1214 936 1315 972 mag-

130 988 309 1024 nitudine
338 999 425 1023 eum
455 986 606 1035 ingenti
634 987 813 1023 arborum
839 1000 882 1023 ac
907 987 1162 1036 virgultorum
1187 991 1315 1036 strage

92 1066 107 1090 9
130 1053 232 1099 serri,
255 1065 297 1089 ac
315 1055 403 1101 post
421 1050 573 1099 insequi
586 1063 672 1087 cum
691 1051 841 1099 fragore
860 1051 941 1087 caeli
961 1052 1145 1089 nimbum.
1203 1051 1313 1098 Tum,

125 1130 209 1167 quae
229 1116 347 1153 moles
367 1128 411 1152 ea
430 1115 572 1164 quidve
592 1115 757 1164 prodigii
777 1119 885 1161 esset,
904 1120 1137 1164 quaerentem
1151 1115 1313 1162 audisse,

125 1181 349 1218 vastitatem
383 1179 510 1216 Italiae
541 1192 640 1226 esse,
674 1183 850 1228 pergeret
879 1192 992 1229 porro
1025 1179 1081 1216 ire
1110 1192 1180 1216 nec
1211 1179 1314 1216 ultra

126 1247 340 1297 inquireret
360 1245 577 1294 sineretque
597 1246 676 1282 fata
695 1245 736 1281 in
757 1246 906 1282 occulto
926 1258 1015 1283 esse.

56 1301 105 1339 23
205 1311 293 1348 Hoc
313 1309 399 1346 visu
419 1309 530 1345 laetus
549 1309 746 1358 tripertito
770 1309 965 1346 Hiberum
997 1309 1122 1359 copias
1150 1310 1312 1357 traiecit,

124 1402 168 1427 He
181 1402 339 1427 crossesthe
418 1373 633 1422 praemissis,
656 1373 723 1422 qui
744 1373 944 1410 Gallorum
964 1374 1123 1422 animos,
1145 1387 1222 1423 qua
1241 1379 1316 1411 tra-

125 1433 253 1463 Hiberus,
415 1438 611 1474 ducendus
624 1437 815 1474 exercitus
829 1442 921 1484 erat,
939 1438 1050 1474 donis
1066 1438 1316 1475 conciliarent

123 1501 365 1551 Alpiumque
384 1501 573 1538 transitus
591 1502 890 1550 specularentur.
948 1501 1175 1551 Nonaginta
1193 1501 1316 1539 millia

124 1566 312 1614 peditum,
333 1565 535 1602 duodecim
555 1565 677 1601 millia
698 1567 871 1614 equitum
902 1566 1096 1603 Hiberum
1124 1566 1310 1604 traduxit.

92 1640 106 1657 2
124 1638 391 1675 subduingthessparp-
420 1629 606 1678 Ilergetes
625 1630 714 1666 inde
735 1629 1016 1679 Bargusiosque
1036 1635 1075 1667 et
1094 1631 1315 1667 Ausetanos

123 1670 269 1731 iiiinmbes
291 1676 327 1693 on
348 1670 389 1693 lus
417 1696 457 1729 et
494 1692 752 1739 Lacetaniam,
791 1705 875 1741 quae
912 1693 1084 1730 subiecta
1118 1692 1314 1742 Pyrenaeis

123 1755 323 1792 montibus
343 1760 412 1803 est,
434 1757 596 1806 subegit,
615 1770 764 1806 oraeque
783 1757 873 1793 huic
893 1757 999 1793 omni
1017 1757 1186 1806 praefecit
1205 1757 1315 1794 Han-

129 1831 281 1866 nonem,
304 1825 349 1857 ut
376 1821 514 1868 fauces,
545 1834 630 1870 quae
659 1820 871 1870 Hispanias
901 1821 1038 1858 Galliis
1066 1821 1243 1870 iungunt,
1272 1821 1310 1857 in

90 1906 105 1930 3
124 1887 315 1932 potestate
335 1890 471 1923 essent.
531 1885 674 1922 Decem
704 1885 826 1921 millia
850 1885 1025 1934 peditum
1051 1885 1240 1922 Hannoni
1265 1885 1314 1923 ad

124 1948 345 1996 praesidium
378 1949 596 1986 obtinendae
628 1950 795 1998 regionis
829 1949 920 1986 data
949 1953 988 1986 et
1017 1949 1124 1986 mille
1152 1950 1310 1998 equiteS.

91 2033 106 2055 4
126 2011 335 2061 Postquam
357 2026 425 2062 per
444 2014 674 2062 Pyrenaeum
704 2014 846 2050 saltum
874 2013 1024 2050 traduci
1044 2013 1236 2051 exercitus
1255 2017 1314 2051 est

126 2080 282 2125 coeptus,
301 2090 509 2127 rumorque
525 2091 594 2127 per
605 2079 786 2115 barbaros
799 2078 973 2115 manavit
992 2078 1130 2114 certior
1148 2078 1195 2115 de
1213 2078 1313 2115 bello

126 2139 313 2188 Romano,
335 2142 411 2179 tria
435 2142 557 2179 millia
585 2143 674 2179 inde
703 2142 1007 2191 Carpetanorum
1037 2142 1211 2192 peditum
1238 2141 1313 2179 iter

124 2208 360 2244 averterunt.
419 2206 641 2254 Constabat,
676 2219 754 2243 non
793 2211 874 2243 tam
911 2206 1011 2243 bello
1040 2210 1164 2243 motos
1195 2219 1309 2256 quam

128 2268 412 2319 longinquitate
441 2271 513 2308 viae
540 2271 916 2321 inexsuperabilique
940 2271 1107 2321 Alpium
1130 2269 1307 2307 transitu.
