1434 2402
106 100 179 136 136
625 94 773 133 LIVII

101 198 224 234 sciens
243 197 344 244 fallo,
367 199 450 232 tum
471 206 542 240 me,
560 193 740 242 Iuppiter
759 191 904 240 optime
923 189 1103 235 maxime,
1121 188 1291 234 domum,

53 276 81 292 12
102 261 286 297 familiam
307 271 463 308 remque
483 271 606 294 meam
631 257 795 305 pessimo
821 256 899 292 leto
925 254 1075 291 afficias.
1136 253 1186 290 In
1212 253 1293 291 haec

100 326 227 370 verba,
257 325 298 360 L.
329 323 468 368 Caecili,
490 322 594 359 iures
620 321 774 370 postulo
804 319 1009 368 ceterique,
1041 316 1111 367 qui
1137 317 1288 354 adestis.

101 390 176 433 Qui
204 402 282 425 non
312 388 510 435 ini-averit,
532 388 574 424 in
603 400 643 424 se
671 387 774 423 hunc
803 385 973 434 gladium
1003 384 1183 421 strictum
1212 396 1293 421 esse

50 469 80 492 13
99 454 229 491 sciat.'’
287 454 406 490 Haud
428 466 534 490 secus
557 452 699 502 pavidi,
724 463 838 499 quam
865 450 897 486 si
923 451 1110 486 victorem
1138 449 1293 486 Hanni-

98 518 221 554 balem
244 522 455 564 cernerent,
476 518 610 553 iurant
635 528 766 553 omnes
793 515 1139 563 custodiendosque
1167 517 1290 551 semet

98 582 200 631 ipsos
221 582 391 632 Scipioni
411 582 582 618 tradunt.

30 647 78 684 54
178 647 236 684 Eo
255 651 437 696 tempore,
459 660 535 695 quo
555 646 634 682 liaec
655 645 813 682 Canusii
833 645 1056 693 agebantur,
1072 645 1290 683 Venusiam

98 723 195 778 tarrol
224 722 289 776 ειηᾱΙ
313 723 362 774 ξμς
390 709 438 744 ad
458 709 651 745 consulem
678 708 724 743 ad
751 712 938 756 quattuor
962 708 1087 744 millia
1113 712 1153 745 et
1180 708 1292 757 quin-

97 761 109 778 S
125 762 185 783 rag:
200 761 240 777 01⁸8
263 762 277 777 «Ἰ
339 762 362 774 ¹¹-

97 785 173 808 misia
192 785 277 813 rojam
295 784 363 821 tingn-
389 773 494 821 genti
517 772 663 821 pedites
688 773 922 820 equitesque,
951 771 1020 821 qui
1048 773 1170 821 sparsi
1198 773 1291 821 fuga

63 857 76 873 2
96 814 236 869 {33¹}iii‘iil?⁵
257 818 286 838 at
315 816 362 838 ω’
389 849 457 886 per
476 849 586 885 agros
606 837 772 881 fucrant,
794 849 1014 884 pervenere.
1059 836 1138 874 Eos
1157 849 1290 874 omnes

96 901 292 938 Venusini
312 913 380 950 per
399 901 566 937 familias
587 901 750 948 benigne
767 900 1008 949 accipiendos
1022 901 1290 950 curandosque

95 978 214 1014 quum
241 965 475 1011 divisissent,
497 964 538 1000 in
565 964 735 1013 singulos
762 965 910 1013 equites
935 969 1044 1013 togas
1070 969 1110 1001 et
1137 965 1289 1001 tunicas

94 1034 134 1067 et
153 1030 400 1079 quadrigatos
420 1042 597 1066 nummos
617 1030 755 1078 quinos
774 1030 940 1073 vicenos,
958 1033 997 1066 et
1015 1029 1139 1078 pediti
1155 1030 1286 1076 denos,

60 1115 74 1137 3
96 1099 134 1131 et
159 1107 275 1141 arma,
305 1095 445 1143 quibus
474 1095 642 1140 deerant,
672 1094 872 1139 dederunt,
901 1098 1105 1143 ceteraque
1133 1094 1287 1143 publice

93 1172 137 1196 ac
165 1159 350 1208 privatim
379 1159 622 1208 hospitaliter
650 1159 753 1195 facta
781 1162 1057 1207 certatumque,
1084 1171 1134 1195 ne
1159 1172 1181 1194 a
1205 1171 1287 1195 mu-

92 1223 185 1260 liere
217 1224 414 1260 Canusina
441 1223 606 1272 populus
631 1223 860 1259 Venusinus
888 1223 1022 1259 officiis
1050 1223 1281 1260 vinceretur.

58 1303 73 1326 4
95 1288 168 1325 Sed
187 1288 343 1337 gravius
363 1301 460 1324 onus
482 1288 593 1324 Busae
613 1287 825 1323 multitudo
847 1286 1013 1323 faciebat
1027 1300 1038 1333 3
1068 1293 1107 1324 et
1132 1287 1208 1324 iam
1235 1288 1286 1325 ad

57 1370 72 1393 5
93 1353 222 1389 decem
258 1352 382 1388 millia
419 1352 622 1388 hominum
660 1356 782 1397 erant,
820 1352 1052 1401 Appiusque
1085 1356 1124 1388 et
1157 1352 1284 1402 Scipio

92 1421 295 1466 postquam
330 1416 563 1453 incolumem
596 1429 677 1452 esse
710 1416 874 1452 alterum
908 1417 1103 1452 consulem
1136 1430 1284 1466 accepe-

91 1485 195 1528 runt,
214 1481 397 1517 nuntium
425 1481 619 1530 extemplo
645 1481 821 1526 mittunt,
843 1485 998 1530 quantae
1024 1494 1152 1518 secum
1170 1482 1284 1531 pedi-

91 1550 176 1582 tum
209 1546 462 1594 equitumque
494 1545 610 1594 copiae
640 1549 778 1592 essent,
812 1545 1126 1595 sciscitatumque
1154 1547 1281 1593 simul,

91 1614 223 1646 utrum
243 1610 458 1646 Venusiam
479 1610 619 1646 adduci
638 1610 850 1646 exercitum
873 1623 919 1645 an
947 1622 1103 1646 manere
1130 1610 1283 1647 iuberet

57 1685 73 1709 6
93 1674 261 1711 Canusii.
320 1674 449 1710 Varro
483 1674 565 1723 ipse
601 1674 812 1711 Canusium
845 1674 973 1723 copias
1003 1674 1204 1722 traduxit3
1242 1679 1282 1712 et

90 1739 166 1774 iam
186 1738 316 1787 aliqua
336 1739 480 1787 species
508 1738 719 1774 consularis
746 1738 939 1774 exercitus
966 1742 1050 1774 erat
1076 1739 1282 1775 moenibus-

89 1815 163 1851 que
183 1815 221 1839 se
241 1806 353 1848 certe,
375 1802 409 1838 si
427 1815 506 1839 non
529 1802 656 1849 armis,
685 1803 734 1839 ab
759 1802 870 1839 hoste
895 1802 1131 1839 videbantur
1155 1803 1282 1840 defen·
1303 1812 1306 1813 ’

89 1880 179 1904 sur1.

56 1953 71 1977 7
168 1931 333 1968 Romam
353 1944 403 1968 ne
423 1931 493 1968 has
519 1932 676 1981 quidem
703 1931 887 1980 reliquias
914 1944 1109 1980 superesse
1134 1931 1278 1969 civium

89 2023 352 2053 Thepanicafflome
381 1997 658 2045 sociorumque,
684 1996 750 2032 sed
777 1996 972 2033 occidione
997 1996 1164 2033 occisum
1190 2009 1278 2034 cum

89 2054 341 2084 “asunffimpled’
381 2061 531 2097 duobus
562 2060 779 2097 consulibus
809 2060 1024 2097 exercitum
1056 2061 1279 2111 deletasque

53 2139 69 2165 g
90 2136 219 2160 omnes
253 2125 379 2174 copias
412 2125 573 2161 allatum
602 2125 738 2162 fuerat.
803 2124 1018 2174 Nunquam
1046 2126 1155 2162 salva
1181 2127 1278 2163 urbe

88 2192 242 2225 tantum
279 2189 433 2238 pavoris
469 2189 738 2239 tumultusque
775 2189 880 2226 intra
916 2190 1058 2227 moenia
1098 2190 1277 2228 Romana
