1455 2454
142 160 189 197 66
656 151 806 190 LIVII

141 256 336 305 extemplo
356 253 551 303 equitibus
575 251 713 287 dextra
739 250 910 297 laevaque
935 247 1083 284 emissis
1103 247 1142 283 in
1164 247 1324 291 hostem,

110 332 123 354 7
141 321 221 368 ipse
241 331 327 355 cum
348 317 522 366 peditum
544 315 679 350 robore
698 311 835 349 mediis
855 311 990 348 castris
1010 310 1148 359 erupit.
1189 309 1330 358 Pugna

151 397 234 420 raro
253 382 374 431 magis
394 379 531 416 ullam
552 383 621 415 aut
641 379 843 426 utriusque
863 376 984 425 partis
1004 375 1174 424 pernicie
1193 374 1331 412 clarior

145 447 290 491 fuisset,
311 446 343 481 si
363 443 522 480 extendi
541 454 625 479 eam
640 442 721 477 dies
741 442 781 476 in
801 440 959 488 longum
975 438 1143 488 spatium
1159 438 1314 475 sivisset
1320 452 1331 487 ;

110 518 124 542 8
144 520 222 544 nox
241 519 439 543 accensum
460 504 686 554 ingentibus
705 503 845 539 animis
864 502 1040 551 proelium
1055 501 1222 538 diremit.
1255 500 1332 537 Ita·

145 584 220 621 que
238 571 362 607 acrior
381 581 586 606 concursus
605 568 681 604 fuit
700 580 816 616 quam
837 567 967 614 caedes,
988 571 1039 613 et,
1061 566 1160 602 sicut
1183 569 1334 615 aequata

146 637 265 673 ferme
296 647 425 684 pugna
454 637 547 679 erat,
578 633 635 669 ita
663 632 770 668 clade
797 631 881 680 pari
909 631 1117 667 discessum
1142 634 1209 667 est.
1267 629 1336 667 Ab

146 707 287 738 neutra
306 703 414 748 parte
435 696 627 734 sexcentis
647 695 733 744 plus
753 694 947 743 peditibus
968 698 1008 730 et
1027 693 1233 729 dimidium
1252 692 1336 730 eius

114 778 129 801 9
149 765 324 813 equitum
355 762 516 808 cecidit3
556 760 622 796 sed
654 759 776 795 maior
804 758 993 794 Romanis
1025 771 1141 807 quam
1169 770 1239 807 pro
1268 770 1336 793 nu-

149 840 253 864 mero
272 827 424 863 iactura
444 825 529 871 fuit,
553 824 643 872 quia
663 822 851 872 equestris
871 822 1016 858 ordinis
1035 822 1186 871 aliquot
1212 825 1253 857 et
1270 821 1338 857 tri-

150 892 245 928 buni
272 890 443 927 militum
470 889 642 938 quinque
666 893 706 923 et
730 886 904 935 praefecti
931 887 1122 923 sociorum
1141 890 1219 922 tres
1247 889 1340 923 sunt

102 976 133 992 10
151 953 353 991 interfecti.
414 952 633 989 Secundum
660 963 741 987 eam
769 962 942 998 pugnam
973 949 1176 986 Hannibal
1203 949 1246 986 in
1278 949 1340 985 Li-

151 1034 220 1069 after
244 1032 328 1067 which
350 1031 415 1055 both
445 1029 568 1065 gures,
592 1014 841 1064 Sempronius
861 1014 1003 1050 Lucam
1026 1014 1222 1051 concessit.
1263 1012 1340 1049 Ve-

153 1065 244 1119 {ffiftger
254 1062 417 1124 {edirrfflrsw
445 1080 570 1117 nienti
606 1079 648 1115 in
686 1078 847 1128 Ligures
893 1079 1111 1115 Hannibali
1143 1091 1211 1128 per
1252 1079 1342 1116 insi-

155 1150 238 1186 dias
266 1146 474 1195 intercepti
501 1145 577 1182 duo
606 1147 814 1194 quaestores
848 1144 1023 1189 Romani,
1055 1143 1095 1180 O.
1118 1143 1282 1180 Fulvius
1304 1147 1344 1180 et

157 1213 199 1249 L.
232 1210 448 1256 Lucretius,
479 1221 567 1245 cum
593 1208 742 1244 duobus
767 1207 937 1244 tribunis
962 1206 1133 1242 militum
1163 1211 1203 1244 et
1235 1206 1344 1256 quin-

157 1285 231 1322 que
264 1270 452 1320 equestris
488 1269 646 1316 ordinis,
682 1273 906 1306 senatorum
938 1269 1057 1305 ferme
1095 1268 1238 1315 liberis,
1268 1282 1344 1318 quo

158 1337 278 1386 magis
312 1340 435 1372 ratam
466 1335 547 1371 fore
583 1348 670 1371 cum
699 1335 747 1371 iis
776 1347 909 1383 pacem
938 1334 1237 1383 societatemque
1270 1346 1344 1371 cre-

157 1403 276 1448 deret,
297 1400 516 1438 traduntur,

91 1473 139 1510 60
239 1466 345 1502 Dum
367 1464 446 1500 haec
470 1465 512 1499 in
532 1463 650 1499 Italia
675 1465 874 1511 geruntur,
899 1461 967 1498 Gn.
993 1461 1194 1498 Cornelius
1217 1460 1346 1510 Scipio

160 1562 206 1586 on.
227 1560 314 1591 Scipio
332 1567 424 1584 meau-
451 1528 493 1564 in
509 1527 744 1576 Hispaniam
764 1539 852 1563 cum
871 1526 990 1562 classe
1009 1529 1049 1562 et
1068 1526 1241 1563 exercitu
1261 1526 1347 1562 mis-

128 1625 142 1641 2
160 1591 425 1658 gffssggntgffgstg}
455 1605 530 1638 sus,
562 1604 683 1641 quum
720 1591 768 1627 ab
800 1591 897 1628 ostio
932 1590 1116 1627 Rhodani
1152 1590 1348 1639 profectus

159 1653 308 1684 ¹¹¹³P⁰¹¹⁰5’
454 1657 736 1705 Pyrenaeosque
764 1660 914 1692 montes
947 1655 1228 1695 circumvectus
1259 1656 1347 1692 Em-

130 1736 145 1760 3
162 1723 279 1772 poriis
299 1721 511 1771 appulisset
530 1720 699 1766 classem,
721 1720 898 1768 exposito
917 1719 973 1756 ibi
991 1719 1177 1765 exercitu,
1198 1732 1307 1756 orsus
1325 1732 1350 1756 a

163 1786 526 1830 Laeetanispmnem
544 1797 652 1820 oram
672 1796 794 1832 usque
813 1783 863 1819 ad
883 1783 1078 1819 Hiberum
1100 1783 1245 1820 flumen
1266 1797 1348 1833 par-

163 1853 235 1888 tim
261 1850 492 1887 renovandis
515 1848 774 1895 societatibus,
797 1848 940 1897 partim
966 1848 1078 1884 novis
1096 1847 1350 1887 instituendis

131 1937 145 1959 4
164 1917 349 1953 Romanae
388 1915 550 1952 dicionis
587 1914 687 1950 fecit.
761 1913 859 1950 Inde
896 1912 1100 1949 conciliata
1136 1913 1350 1950 clementiae

164 1982 267 2018 fama
285 1993 363 2016 non
383 1980 432 2016 ad
451 1978 666 2015 maritimos
691 1978 804 2014 modo
830 1977 1002 2027 populos,
1023 1978 1089 2014 sed
1108 1977 1151 2014 in
1172 1978 1350 2015 mediter·

167 2044 291 2080 raneis
318 2056 470 2092 quoque
498 2055 541 2079 ac
573 2042 770 2078 montanis
800 2042 848 2077 ad
878 2041 1078 2078 ferociores
1111 2041 1190 2077 iam
1217 2045 1352 2091 gentes

169 2109 292 2145 valuit
304 2123 315 2156 3
353 2121 423 2144 nec
451 2120 529 2157 pax
556 2107 669 2143 modo
707 2106 846 2166 apudf‘
843 2119 917 2152 eos,
947 2106 1014 2143 sed
1042 2106 1205 2143 societas
1232 2107 1349 2143 etiam

167 2185 362 2208 armorum
390 2176 501 2221 parta
526 2175 596 2218 est,
624 2171 839 2220 validaeque
863 2171 1013 2220 aliquot
1037 2170 1272 2208 auxiliorum
1295 2182 1353 2207 co-

135 2249 148 2273 s
169 2235 298 2272 hortes
318 2249 365 2272 ex
383 2236 432 2272 iis
452 2235 675 2284 conscriptae
696 2239 795 2273 sunt.
856 2235 1065 2272 Hannonis
1079 2235 1132 2272 cis
1156 2235 1352 2272 Hiberum
