1403 2438
478 148 648 185 LIBER
687 147 796 185 XXI.
1179 147 1226 184 41

45 247 160 297 vulgo
185 247 347 293 credere,
377 246 540 283 Poenino
564 245 695 297 (atque
724 246 813 283 inde
835 258 973 282 nomen
995 246 1029 282 ei
1050 246 1139 294 iugo
1162 245 1230 282 Al-

45 311 150 360 pium
172 310 357 359 inditum)
378 315 670 359 transgressum,
693 309 849 347 Caelium
872 323 938 358 per
958 309 1156 346 Cremonis
1177 310 1230 345 iu-
1248 326 1262 351 7

43 387 133 423 gum
165 375 290 412 dicere
323 375 530 421 transisse;
571 374 637 422 qui
669 374 782 409 ambo
815 374 935 409 saltus
963 387 1050 410 cum
1080 386 1155 410 non
1189 374 1228 409 in

44 438 244 485 Taurinos,
267 439 332 476 sed
352 451 420 488 per
441 438 536 475 alios
561 442 763 473 montanos
786 438 832 473 ad
855 437 998 473 Libuos
1019 437 1150 474 Gallos
1169 438 1230 474 (le-

43 503 256 540 duxissent.
316 503 399 539 Nec
428 502 509 539 veri
539 502 663 538 simile
694 507 762 547 est,
794 514 837 537 ea
868 506 949 537 tum
982 502 1030 538 ad
1061 502 1225 538 Galliam
1247 513 1262 538 8

43 567 214 615 patuisse
241 567 407 610 itinera3
437 567 582 615 utique,
603 579 687 614 quae
707 566 753 601 ad
777 565 980 601 Poeninum
1004 566 1144 612 ferunt,
1166 566 1228 601 ob-

42 634 160 680 saepta
178 631 358 680 gentibus
378 627 673 679 Semigermanis
695 629 866 666 fuissent.
919 629 1054 677 Neque
1075 629 1228 666 hercule
1246 645 1263 669 9

41 695 238 731 montibus
275 695 346 740 his,
380 695 413 731 si
450 706 564 743 quem
601 694 700 730 forte
736 693 776 730 id
814 697 952 739 movet,
985 694 1032 729 ab
1060 693 1228 729 transitu

42 757 249 795 Poenorum
270 759 349 796 ullo
369 758 514 796 Seduni
527 757 705 807 Veragri,
726 757 858 794 incolae
875 757 956 806 iugi
975 757 1067 803 eius,
1088 770 1229 793 nomen

42 823 174 859 ferunt
200 823 380 868 inditum,
402 823 467 859 sed
496 823 543 858 ab
572 835 627 868 eo,
654 835 766 870 quem
795 822 837 858 in
863 834 1011 858 summo
1036 826 1227 858 sacratum

41 886 186 923 vertice
206 885 411 923 Poeninum
430 887 602 923 montani
626 886 831 935 appellant.

122 951 416 1001 Peropportune
426 950 472 988 ad
494 951 681 1000 principia
694 964 822 987 rerum
837 950 1027 996 Taurinis,
1044 950 1227 999 proximae
1246 953 1295 991 39

43 1016 161 1064 genti,
189 1016 372 1053 adversus
402 1016 585 1052 Insubres
613 1020 761 1051 motum
793 1015 937 1050 bellum
967 1039 1102 1063 Hannibal
1118 1041 1185 1063 rests
1198 1041 1227 1063 to

41 1083 134 1117 erat.
192 1078 267 1117 Sed
297 1093 445 1116 armare
478 1079 688 1116 exercitum
720 1079 933 1125 Hannibal,
964 1070 1212 1099 ‘⁰⁰¹'ui‘¹¹³⁵³r¹¹¹·*‘’

42 1147 87 1179 ut
105 1144 206 1192 parti
226 1144 338 1180 alteri
359 1143 505 1180 au'xilio
531 1148 640 1189 esset,
662 1144 704 1179 in
731 1143 934 1179 reficiendo
961 1143 1128 1179 maxime
1148 1155 1227 1179 sen-

41 1207 202 1244 tientem
223 1213 419 1244 contracta
437 1212 528 1244 ante
547 1208 657 1254 mala,
679 1221 757 1244 non
778 1212 952 1256 poterat;
980 1208 1103 1244 otium
1124 1207 1227 1244 enim
1245 1229 1262 1247 2

41 1283 90 1308 ex
116 1271 256 1318 labore,
287 1272 395 1321 copia
423 1285 472 1308 ex
500 1272 640 1321 inopia,
669 1272 796 1309 cultus
824 1285 873 1308 ex
899 1272 1034 1308 illuvie
1063 1272 1228 1320 tabeque

41 1335 214 1385 squalida
235 1340 272 1373 et
292 1349 409 1386 prope
432 1337 590 1372 efferata
615 1349 773 1385 corpora
792 1337 896 1372 varie
922 1337 1111 1372 movebat.
1170 1336 1228 1372 Ea
1246 1354 1262 1378 3

42 1399 85 1438 P.
123 1399 301 1437 Cornelio
331 1401 480 1437 consuli
512 1413 624 1437 causa
654 1401 739 1447 fuit,
772 1413 892 1449 quum
924 1400 1033 1437 Pisas
1062 1400 1228 1437 navibus

40 1465 221 1510 venisset,
242 1464 414 1501 exercitu
434 1477 456 1501 a
475 1464 624 1500 Manlio
646 1465 845 1513 Atilioque
865 1469 1020 1513 accepto
1044 1465 1168 1500 tirone
1189 1468 1228 1500 et

39 1527 83 1565 in
110 1528 222 1564 novis
249 1528 471 1577 ignominiis
499 1529 656 1577 trepido,
682 1529 731 1564 ad
757 1528 906 1565 Padum
933 1528 1153 1574 festinandi,
1183 1533 1229 1564 ut

41 1605 128 1629 cum
142 1592 251 1629 hoste
265 1593 436 1628 nondum
453 1593 593 1629 refecto
610 1606 744 1629 manus
760 1597 982 1630 consereret.
1016 1593 1090 1630 Sed
1110 1607 1226 1643 quum
1246 1610 1262 1634 4

41 1655 279 1694 Placentiam
309 1657 440 1693 consul
461 1657 579 1702 venit,
601 1657 677 1693 iam
706 1670 754 1693 ex
783 1657 936 1693 stativis

40 1723 215 1758 moverat
233 1720 435 1757 Hannibal
459 1721 791 1770 Taurinorumque
816 1733 933 1757 unam
962 1704 1231 1771 ssfflffilffflssossssss

41 1785 187 1830 urbem,
204 1788 321 1833 caput
338 1785 465 1834 gentis
485 1785 576 1831 eius,
593 1784 684 1834 quia
703 1785 876 1821 volentes
895 1785 935 1821 in
964 1767 992 1789 ιο
1004 1768 1074 1789 mm
1090 1768 1188 1795 scxpm,

42 1849 251 1886 amicitiam
278 1861 357 1886 non
379 1849 600 1896 veniebant,
620 1850 661 1885 vi
684 1853 951 1898 expugnarat:
981 1856 1014 1886 et
1039 1850 1230 1886 iunxisset
1248 1869 1264 1895 5

43 1913 118 1949 sibi
137 1925 215 1950 non
234 1918 340 1950 metu
359 1913 494 1961 solum,
508 1914 572 1950 sed
588 1914 706 1950 etiam
720 1913 922 1950 voluntate
938 1913 1069 1951 Gallos
1084 1914 1230 1951 accolas

42 1976 153 2023 Padi,
173 1977 216 2013 ni
234 1989 297 2014 eos
315 1978 677 2026 circumspectantes
693 1978 919 2014 defectionis
933 1982 1085 2027 tempus
1100 1977 1230 2015 subito

42 2040 215 2077 adventu
239 2041 373 2078 consul
400 2042 659 2090 oppressisset.
717 2042 771 2078 Et
800 2042 1001 2078 Hannibal
1029 2042 1154 2079 movit
1182 2055 1230 2079 ex
1248 2058 1265 2082 ο

42 2103 232 2150 Taurinis,
253 2105 428 2151 incertos,
443 2118 527 2154 quae
546 2118 633 2155 pars
653 2107 846 2155 sequenda
865 2111 972 2152 esset,
989 2106 1120 2143 Gallos
1138 2119 1231 2156 prae-

41 2172 192 2205 sentem
219 2172 416 2205 secuturos
437 2181 518 2206 esse
539 2174 658 2206 ratus.
716 2170 802 2206 Iam
827 2183 944 2220 prope
963 2170 1005 2207 in
1024 2174 1229 2219 conspectu
1250 2187 1265 2211 7

42 2235 154 2270 erant
182 2232 375 2270 exercitus
406 2238 741 2284 convenerantque
773 2235 888 2272 duces
915 2235 1032 2272 sicuti
1058 2235 1162 2272 inter
1188 2247 1230 2272 se
