1403 2438
521 124 691 161 LIBER
724 123 842 160 XXI.
1221 123 1269 160 29

85 222 266 269 reficitur,
293 222 446 259 intento
479 222 574 259 duce
604 222 653 259 ad
682 221 885 259 consilium
921 225 1135 271 opportune
1167 232 1272 257 cxso-

84 286 290 336 quendum.
351 286 511 323 Postero
545 287 606 322 die
640 286 802 335 profecti
834 299 883 323 ex
915 285 998 322 loco
1032 284 1136 323 edito
1163 285 1270 321 fumo
1290 302 1304 325 7

84 349 315 400 significant,
335 350 529 395 transisse,
551 354 590 385 et
609 348 712 385 haud
738 348 870 397 procul
899 348 1047 397 abcsseg
1075 347 1178 398 quod
1203 347 1272 384 ubi

84 413 231 462 accepit
251 413 466 458 Hannibal,
486 425 534 449 ne
560 411 727 460 tempori
755 411 914 457 deesset,
944 411 1012 448 dat
1040 411 1194 461 signum
1221 410 1272 447 ad

85 476 364 514 traiiciendum.
424 476 506 513 Iam
535 480 688 525 paratas
713 479 939 525 aptatasque
964 475 1130 513 habebat
1158 476 1271 526 pedes
1289 488 1305 513 ³

83 539 232 587 lintres,
271 553 386 589 eques
430 540 509 577 fere
554 543 712 589 propter
757 552 875 589 equos
911 553 1040 578 naves.
1097 541 1272 577 Navium

83 616 217 653 agmen
239 604 288 641 ad
307 604 574 654 excipiendum
596 604 749 641 adversi
767 605 957 654 impetum
975 605 1147 642 fluminis
1162 609 1272 654 parto

83 668 279 717 superiore
291 668 560 705 transmittens
580 669 905 718 tranquillitatem
923 669 1027 706 infra
1047 669 1271 708 traiicienti-

84 731 156 769 bus
179 731 364 769 lintribus
387 733 601 781 praebebat3
633 744 820 781 equorum
849 745 938 782 pars
966 745 1106 782 magna
1133 736 1270 770 nantes
1288 751 1304 776 9

85 796 175 834 loris
193 809 216 833 a
237 797 431 846 puppibus
456 797 723 843 trahebantur,
751 801 891 846 praeter
915 809 989 844 eos,
1015 810 1110 846 quos
1136 797 1271 834 instra-

84 865 144 898 tos
171 861 425 910 frenatosque,
452 865 499 897 ut
527 861 721 910 extemplo
749 873 899 909 egresso
927 861 968 897 in
997 860 1119 909 ripam
1149 862 1271 910 equiti

83 925 172 962 usui
191 930 328 972 essent,
349 927 612 975 imposuerant
635 927 674 963 in
694 939 821 964 naves,
880 925 984 963 Galli
1009 930 1210 963 occursant
1228 926 1271 963 in
1289 925 1339 963 28

83 990 169 1039 ripa
196 1002 283 1026 cum
310 990 428 1027 variis
458 990 671 1027 ululatibus
704 994 897 1039 cantuque
929 990 1048 1026 moris
1077 989 1148 1035 sui,
1179 1003 1271 1040 qua-

83 1055 224 1092 tientes
253 1059 362 1092 scuta
391 1067 505 1104 super
534 1056 660 1103 capita
692 1055 966 1103 vibrantesque
999 1053 1148 1090 dextris
1179 1054 1269 1100 tela,

83 1131 304 1169 quanquam
333 1123 373 1155 et
404 1132 454 1156 ex
482 1119 642 1156 adverso
675 1119 845 1156 torrebat
876 1122 987 1155 tanta.
1019 1118 1079 1155 vis
1110 1119 1269 1155 navium
1288 1135 1302 1152 2

83 1196 172 1221 cum
189 1183 339 1233 ingenti
358 1197 450 1221 sono
470 1183 642 1220 fluminis
668 1187 708 1220 ct
732 1183 897 1220 clamore
925 1183 1032 1220 vario
1061 1187 1269 1220 nautarum

83 1247 338 1296 militumque,
374 1251 414 1284 et
442 1247 510 1296 qui
542 1247 770 1283 nitebantur
801 1258 1049 1295 perrumpere
1079 1245 1267 1294 impetum

84 1311 255 1347 fluminis
274 1315 313 1348 et
332 1311 400 1360 qui
427 1323 476 1347 ex
503 1311 624 1348 altera
651 1311 736 1359 ripa
763 1309 1000 1347 traiicientes
1027 1322 1115 1347 suos
1143 1309 1270 1347 horta-

85 1375 236 1412 bantur.
294 1375 379 1412 Iam
395 1375 487 1412 satis
499 1379 683 1424 paventes
698 1375 856 1412 adverso
875 1375 1049 1412 tumultu
1061 1375 1270 1413 terribilior
1287 1388 1302 1412 3

84 1439 132 1475 ab
163 1444 269 1487 tergo
301 1438 458 1475 adortus
486 1439 641 1486 clamor,
671 1438 806 1476 castris
834 1438 881 1474 ab
910 1437 1107 1475 Hannone
1134 1439 1266 1488 captis.

85 1501 183 1539 Mox
202 1506 241 1539 et
263 1502 345 1551 ipse
367 1502 512 1548 aderat,
537 1514 750 1552 ancepsque
778 1505 902 1538 terror
924 1500 1208 1549 circumstabat,
1230 1507 1270 1539 et

84 1579 105 1603 e
122 1565 286 1602 navibus
305 1569 416 1602 tanta
439 1566 481 1602 vi
509 1570 745 1604 armatorum
772 1566 816 1602 in
843 1569 987 1603 terram
1015 1565 1202 1604 evadente
1229 1571 1269 1604 et

83 1627 132 1664 ab
162 1631 270 1677 tergo
301 1627 511 1676 improvisa
538 1631 737 1677 premente
776 1627 866 1664 acie.
925 1627 1029 1665 Galli
1064 1632 1268 1678 postquam
1286 1645 1300 1668 4

83 1693 247 1740 utroque
260 1690 342 1727 vim
353 1691 475 1728 facere
490 1689 617 1728 conati
631 1691 886 1740 pellebantur,
902 1703 978 1740 qua
992 1695 1124 1740 patere
1138 1692 1267 1729 visum

53 1783 59 1790 .
82 1755 251 1792 maxime
279 1755 367 1802 iter,
386 1758 654 1805 perrumpunt,
676 1755 894 1805 trepidique
922 1755 965 1792 in
991 1756 1095 1793 vicos
1124 1757 1267 1806 passim

82 1831 170 1856 suos
198 1819 418 1869 diffugiunt.
477 1818 690 1866 Hannibal,
719 1820 855 1857 ceteris
883 1820 1002 1870 copiis
1038 1833 1107 1870 per
1143 1821 1267 1858 otium

81 1882 263 1928 traiectis,
282 1896 466 1933 spernens
484 1884 562 1921 iam
582 1883 748 1921 Gallicos
770 1883 961 1921 tumultus
981 1888 1106 1921 castra
1124 1884 1236 1923 locat.
1283 1923 1290 1931 ,

160 1946 467 1996 Elephantorum
493 1946 810 1985 traiiciendorum
832 1947 941 1984 varia
965 1947 1124 1985 consilia
1150 1947 1266 1986 fuisse
1285 1962 1299 1987 ⁵

81 2011 221 2059 cred03
267 2015 369 2049 certe
396 2011 524 2049 variat
559 2012 744 2049 memoria
779 2015 873 2049 actae
904 2011 972 2049 rei.
1002 2025 1267 2086 {flayorofthtgeptffl

82 2076 250 2122 Quidam
277 2077 515 2127 congregatis
539 2077 588 2113 ad.
611 2076 734 2125 ripam
760 2076 975 2126 elephantis
1002 2086 1215 2141 tcissgsselegzbffifls
1238 2094 1267 2143 ζ

80 2141 242 2178 tradunt
259 2139 538 2179 ferocissimum
557 2153 605 2178 ex
628 2141 675 2177 iis
698 2140 897 2177 irritatum
924 2139 972 2176 ab
1000 2147 1265 2204 {gr-,ffssffi'ffissfiffssi-

80 2210 227 2245 rectore
245 2219 325 2258 suo,
346 2219 466 2257 quum
491 2206 747 2256 refugientem
771 2205 814 2242 in
832 2217 972 2255 aquam
1000 2209 1058 2234 ties.
