1403 2438
533 196 700 234 LIBER
740 198 882 235 XXII.
1228 199 1298 237 101

111 309 151 333 re
176 295 355 333 clementi
382 295 608 344 liberalique
632 296 788 332 initium
819 297 970 344 fecerat,
992 302 1032 334 et
1051 297 1221 344 Abelux,
1241 298 1302 334 vir

111 359 288 407 prudens,
317 358 418 395 haud
444 359 588 396 frustra
612 359 819 396 videbatur
838 360 957 397 socios
987 365 1166 399 mutasse.
1224 361 1300 398 Ita-
1318 376 1348 394 ει

108 435 182 472 que
219 423 368 473 ingenti
407 436 595 460 consensu
633 423 889 460 defectionem
928 437 1061 461 omnes
1098 429 1298 475 spectare;

107 499 289 537 armaque
321 488 515 536 extemplo
547 491 653 524 mota
688 487 827 533 forent,
863 487 904 523 m'
938 488 1072 534 hiems,
1108 501 1193 538 quae
1225 489 1299 526 Ro-

109 565 240 589 manos
271 565 422 602 quoque
453 557 492 589 et
520 551 858 601 Carthaginienses
891 553 1095 590 concedere
1125 554 1167 590 in
1197 558 1299 591 tecta

107 616 233 665 coegit
251 616 534 653 intervenisset.

186 680 282 717 Haec
302 680 345 717 in
371 680 565 730 Hispania
591 679 773 733 [quoque]
804 681 970 718 secunda
997 686 1130 719 aestate
1157 683 1296 720 Punici
1314 685 1364 722 23

107 743 196 781 belli
216 747 335 794 gesta,
357 757 477 793 quum
505 744 547 780 in
571 743 689 781 Italia
712 745 870 794 paulum
890 745 1006 782 inter-
1033 772 1135 797 Fabius
1166 773 1228 798 sous
1256 773 1296 798 ΜΒ

105 806 198 843 valli
229 807 402 844 cladibus
430 807 618 844 Romanis
646 808 778 844 sollers
807 808 1003 844 cunctatio
1031 803 1097 858 ξὲξξ
1127 804 1227 864 ζιζξξξᾱ
1243 804 1296 864 ¹¹53}

105 870 214 907 Fabii
237 870 390 908 fecisset
403 883 414 917 5
443 883 527 920 quae
554 876 598 907 ut
630 870 895 908 Hannibalem
925 884 1001 908 non
1031 864 1220 920 ξῇξῦᾝξξζοξξζ
1244 871 1296 919 ‘'fg-1
1312 892 1326 908 2

104 934 285 972 mediocri
304 935 512 972 sollicitum
534 948 624 972 cura
643 935 821 981 habebat,
844 936 999 972 tandem
1032 926 1139 950 ¹³⁰¹¹¹²²¹¹
1151 926 1294 956 ¹³¹⁵⁵⁰¹¹⁸¹³

103 1012 191 1036 eum
214 999 364 1037 militiae
392 1000 620 1049 magistrum
640 1000 824 1049 delegisse
845 1000 1040 1037 Romanos
1060 1003 1290 1046 cernentem,

103 1064 171 1113 qui
195 1064 336 1102 bellum
357 1065 517 1112 ratione,
538 1077 617 1101 non
637 1064 795 1101 fortuna
814 1069 974 1113 gereret,
995 1065 1053 1101 ita
1071 1068 1293 1113 contempta
1309 1083 1324 1105 3

102 1133 186 1166 erat
214 1129 318 1166 inter
349 1129 452 1171 cives
489 1135 659 1165 armatos
694 1129 842 1178 pariter
878 1133 1116 1178 togatosque,
1156 1129 1292 1177 utique

102 1197 306 1243 postquam
329 1194 489 1230 absente
509 1206 553 1230 eo
572 1195 791 1230 temeritate
811 1194 987 1242 magistri
1007 1193 1183 1243 equitum
1203 1193 1291 1230 laeto

103 1259 230 1295 verius
257 1258 421 1295 dixerim
445 1271 560 1308 quam
589 1271 768 1307 prospero
799 1263 943 1295 eventu
968 1262 1183 1307 pugnatum
1212 1258 1290 1294 fue-

102 1327 173 1359 rat.
231 1323 484 1360 Accesserant
510 1323 594 1360 duae
620 1336 679 1360 res
699 1323 748 1360 ad
768 1323 982 1372 augendam
1003 1322 1191 1359 invidiam
1211 1322 1290 1359 dic-
1307 1338 1321 1361 4

102 1387 248 1434 tatoris,
277 1400 355 1424 una
380 1387 515 1424 fraude
539 1401 583 1424 ac
612 1388 698 1424 dolo
723 1387 971 1433 Hannibalis,
993 1387 1105 1436 quod,
1128 1400 1247 1436 quum
1267 1400 1290 1423 a

101 1453 270 1503 perfugis
297 1453 332 1490 ei
361 1457 600 1489 monstratus
627 1464 718 1500 ager
745 1452 945 1488 dictatoris
974 1456 1085 1496 esset,
1109 1451 1288 1488 omnibus

99 1517 200 1554 circa
225 1517 307 1554 solo
333 1518 494 1566 aequatis
519 1517 568 1553 ab
596 1529 674 1553 uno
699 1529 743 1553 eo
762 1516 906 1553 ferrum
926 1518 1131 1565 ignemque
1150 1520 1190 1552 et
1208 1515 1287 1552 vim

98 1593 251 1618 omnem
283 1581 454 1618 hostium
485 1581 672 1617 abstineri
712 1580 835 1626 iussit,
872 1585 918 1616 ut
948 1579 1091 1616 occulti
1125 1579 1288 1616 alicuius
1305 1599 1320 1622 5

100 1646 201 1694 pacti
226 1658 272 1682 ea
289 1658 432 1682 merces
451 1645 577 1681 videri
595 1649 734 1694 posset,
755 1645 878 1681 altera
896 1645 1018 1694 ipsius
1032 1645 1145 1692 facto,
1163 1645 1287 1694 primo

98 1710 260 1746 forsitan
291 1702 419 1756 dubio,
459 1709 550 1759 quia
579 1722 657 1745 non
691 1714 913 1758 exspectata
954 1710 996 1745 in
1039 1721 1083 1746 eo
1126 1713 1283 1746 senatus

97 1774 306 1811 auctoritas
325 1778 392 1820 est,
411 1774 458 1810 ad
474 1778 692 1811 extremum
709 1773 812 1810 haud
827 1774 1006 1823 ambigue
1020 1773 1063 1810 in
1077 1774 1284 1810 maximam

96 1837 248 1875 laudem
271 1827 399 1876 verso.>
450 1838 500 1875 In
527 1838 794 1887 permutandis
817 1838 994 1887 captivis,
1015 1838 1114 1888 quod
1137 1839 1190 1875 sic
1211 1838 1286 1888 pri·
1303 1854 1319 1878 6

96 1914 158 1939 mo
187 1902 334 1940 Punico
363 1889 462 1940 bello
491 1904 635 1939 factum
664 1907 758 1949 erat,
789 1907 1024 1940 convenerat
1047 1904 1150 1940 'mter
1170 1903 1284 1939 duces

98 1966 319 2004 Romanum
353 1967 603 2017 Poenumque,
639 1971 694 2014 ut,
735 1980 819 2017 quae
857 1980 944 2016 pars
977 1967 1063 2017 plus
1096 1967 1284 2016 reciperet

94 2043 209 2080 quam
235 2031 355 2078 daret,
377 2033 529 2082 argenti
555 2032 682 2081 pondo
706 2032 798 2069 bina
821 2036 860 2069 et
879 2032 1036 2069 selibras
1056 2033 1095 2068 in
1117 2032 1282 2068 militem

94 2100 301 2145 praestaret.
361 2096 549 2134 Ducentis
569 2097 826 2146 quadraginta
847 2100 993 2146 septem
1013 2108 1134 2145 quum
1153 2096 1282 2145 plures
1301 2118 1315 2142 7

94 2159 293 2197 Romanus
313 2174 426 2210 quam
447 2161 591 2198 Poenus
611 2162 816 2211 recepisset
839 2165 1118 2210 argentumque
1139 2173 1208 2209 pro
1226 2160 1281 2197 eis

93 2224 278 2271 debitum,
300 2237 398 2274 saepe
423 2225 567 2262 iactata
589 2226 630 2262 in
657 2229 795 2262 senatu
819 2239 870 2272 re,
893 2224 1075 2274 quoniam
1095 2237 1172 2262 non
1192 2238 1281 2262 con·
1300 2238 1316 2264 a

91 2288 273 2327 suluisset
315 2294 456 2339 patres,
496 2290 646 2327 tardius
689 2294 922 2339 erogaretur,
962 2289 1196 2327 inviolatum
1232 2290 1281 2327 ab
