1403 2438
484 195 654 232 LIBER
689 195 830 231 XXII.
1201 194 1249 231 97

62 295 208 344 fugere;
227 293 311 330 ‹luae
333 297 461 329 tamen
482 292 605 342 primo
625 304 810 329 concursu
832 295 950 341 captoe
967 296 1079 328 erant
1095 291 1250 328 Punicae

60 371 188 404 naves,
209 361 395 407 quattuor
420 370 640 406 suppressae.
700 356 877 412 Romani,
900 369 1118 406 quanquam
1149 361 1251 392 terra
1269 355 1319 391 20

60 422 228 460 hostium
249 426 332 459 erat
345 426 609 471 armatamque
628 422 745 457 aciem
768 425 849 457 toto
866 434 955 469 prae—
985 434 1038 458 und
1066 434 1163 463 wnony
1189 440 1249 477 ωψ-

61 491 205 524 tentam
237 484 310 539 [in]
342 487 453 523 litore
480 486 698 531 cernebant,
721 485 821 521 haud
848 498 954 521 cunc·
985 465 1064 520 {iifed
1083 472 1114 489 (Τ
1130 465 1249 494 ‹iesu-0)-

59 556 188 588 tanter
205 551 370 588 insecuti
392 550 580 600 trepidam
601 550 769 586 hostium
790 549 947 586 classem
968 562 1085 586 naves
1105 561 1247 594 omncs,

58 628 144 665 qnae
174 627 251 652 non
288 619 356 652 aut
404 614 664 663 perfregerant
711 626 842 663 proras
879 613 982 650 litori
1024 613 1142 649 illisas
1181 618 1281 649 aut2

58 680 206 717 carinas
231 679 398 716 fixerant
419 679 536 725 vadis,
559 679 738 728 religatas
764 679 957 727 puppibus
979 679 1015 713 in
1038 678 1161 714 altum
1187 691 1247 713 ex-

60 750 235 791 tmxere5
269 743 317 780 ad
348 745 521 792 quinque
551 748 590 779 ct
626 743 763 791 viginti
792 755 908 779 naves
939 755 959 779 e
993 741 1245 791 quadraginta

57 821 198 857 cepere.

140 871 275 921 Neque
290 871 329 908 id
345 871 646 921 pulcherrimum
664 873 746 908 eius
763 872 931 908 victoriae
952 871 1038 918 fuit,
1061 871 1125 908 sed
1146 872 1245 920 quod
1268 889 1280 911 3

58 949 133 973 una
152 937 227 973 levi
249 949 377 986 pugna
402 940 485 973 toto
509 937 591 973 eius
615 950 690 973 01·ae
719 937 816 972 mari
843 936 954 985 potiti
984 950 1040 974 'rue
1063 950 1168 974 noman
1187 950 1249 974 fluet

56 1006 174 1038 erant.
223 1001 361 1050 Itaque
380 1001 427 1037 ad
447 1001 618 1037 Onusam
639 1001 756 1037 classe
773 1001 931 1050 profecti
942 1015 951 1047 ;
982 981 1155 1036 {iiiiii-iiix?
1174 983 1248 1005 coust
1267 1013 1278 1034 4

56 1066 222 1102 escensio
242 1066 290 1102 ab
311 1066 476 1102 navibus
494 1065 535 1101 in
559 1070 700 1102 terram
728 1066 837 1102 facta.
898 1065 1026 1109 Quum
1053 1067 1184 1102 urbem
1210 1066 1246 1102 vi
1268 1084 1280 1106 5

56 1130 245 1179 cepissent
283 1135 511 1179 captamque
548 1130 809 1179 diripuissent,
846 1130 1117 1179 Carthaginem
1157 1131 1246 1167 inde

58 1198 206 1243 petunt,
229 1198 345 1243 atque
365 1207 516 1231 omnem
537 1207 669 1243 agrum
693 1195 792 1231 circa
812 1195 1034 1244 depopulati
1054 1199 1247 1244 postremo

56 1262 156 1295 tecta
189 1271 340 1308 quoque
377 1259 554 1295 iniuncta
591 1272 704 1295 muro
743 1259 940 1308 portisque
978 1259 1244 1297 incenderunt.

57 1322 154 1360 Inde
173 1323 249 1360 iam
270 1324 398 1373 praeda
411 1324 540 1372 gravis
551 1323 599 1361 ad
616 1323 897 1373 Longunticam
915 1324 1092 1373 pervenit
1103 1325 1243 1371 classis,
1264 1342 1279 1365 5

55 1387 120 1424 ubi
141 1387 199 1424 vis
228 1400 367 1437 magna
395 1388 517 1437 sparti
546 1394 637 1433 erat,
659 1389 706 1425 ad
737 1401 814 1425 rem
843 1389 1037 1425 nauticam
1067 1394 1247 1438 congesta

53 1452 102 1488 ab
132 1451 388 1489 Hasdrubale.
463 1452 574 1497 Quod
606 1453 698 1489 satis
737 1453 777 1489 in
812 1466 921 1489 usum
961 1453 1047 1500 fuit,
1080 1453 1243 1500 sublato,

53 1521 221 1554 ceterum
253 1530 365 1554 omne
399 1518 597 1554 incensum
627 1522 693 1555 est.
759 1517 842 1554 Nec
870 1518 1105 1554 continentis
1134 1518 1246 1555 modo
1265 1535 1278 1558 7

54 1580 231 1630 praelecta
250 1586 310 1618 est
327 1594 404 1629 ora,
426 1582 492 1618 sed
512 1581 551 1618 in
574 1582 747 1618 Ebusum
771 1582 935 1618 insulam
965 1583 1241 1620 transmissum.

54 1644 116 1681 Ibi
146 1645 251 1691 urbe,
271 1658 356 1695 quae
384 1650 500 1695 caput
529 1647 662 1683 insulae
699 1650 766 1694 est,
799 1647 960 1683 biduum
989 1648 1245 1697 nequicquam
1262 1662 1276 1684 a

52 1722 201 1746 summo
230 1710 358 1747 labore
381 1715 613 1760 oppugnata,
636 1711 701 1747 ubi
728 1712 770 1748 in
793 1724 900 1760 spem
926 1712 1076 1759 irritam
1103 1713 1246 1750 frustra

53 1774 127 1811 teri
151 1778 305 1824 tempus
333 1775 642 1812 animadversum
674 1780 743 1822 est,
772 1777 818 1813 ad
848 1777 1136 1826 populationem
1161 1778 1244 1827 agri
1262 1796 1276 1811 r»

53 1837 164 1884 versi,
185 1838 348 1888 direptis
375 1839 523 1888 aliquot
551 1840 793 1890 incensisque
822 1841 930 1888 vicis,
956 1843 1099 1878 maiore
1127 1854 1241 1890 quam

51 1915 100 1939 ex
116 1902 333 1940 continenti
348 1903 476 1951 praeda
489 1909 599 1953 parta
611 1917 729 1954 quum
747 1905 785 1941 in
804 1918 920 1941 naves
941 1918 979 1941 se
1000 1905 1242 1955 recepissent,

51 1979 100 2003 ex
130 1966 348 2005 Baliaribus
375 1968 514 2005 insulis
541 1969 656 2018 legati
686 1981 815 2018 pacem
846 1973 1021 2018 petentes
1048 1970 1096 2006 ad
1127 1969 1246 2019 Scipi·
1291 1998 1295 2004 .

51 2044 161 2069 onem
193 2038 392 2070 venerunt.
452 2033 549 2070 Inde
580 2033 681 2070 flexa
710 2038 812 2070 retro
840 2033 970 2070 classis
999 2034 1244 2082 reditumque
1266 2052 1294 2067 ιο

50 2096 89 2132 in
125 2096 303 2134 citeriora
332 2097 549 2146 provinciae,
582 2111 658 2147 quo
695 2098 867 2135 omnium
899 2099 1141 2148 populorum,
1176 2099 1244 2147 qui

53 2159 244 2197 Hiberum
288 2160 476 2208 accolunt,
516 2152 726 2198 multorum
767 2165 806 2199 et
843 2162 991 2199 ultimae
1041 2161 1242 2211 Hispaniae

50 2224 168 2274 legati
195 2229 476 2262 concurrerunt
492 2239 503 2272 ;
541 2227 609 2263 sed
628 2226 696 2276 qui
715 2239 806 2263 vere
833 2226 995 2263 dicionis
1014 2227 1241 2276 imperiique
1263 2246 1288 2262 ιι

49 2287 218 2325 Romani
233 2289 323 2325 facti
335 2288 416 2326 sint
427 2289 624 2327 obsidibus
636 2290 748 2338 datis,
756 2290 889 2340 populi
902 2290 1068 2339 amplius
1083 2290 1242 2328 fuerunt

163 2374 200 2405 o.
221 2374 257 2405 1..
1100 2367 1124 2408 7
