1403 2438
519 122 688 159 LIBER
725 122 842 159 XXI.
1220 123 1262 159 71

81 219 190 257 exilii
215 232 330 257 causa
356 219 481 256 solum
502 221 688 257 vertisset
749 219 877 268 Magis
901 232 969 268 pro
995 220 1197 257 maiestate
1217 219 1271 255 vi-
1290 240 1321 256 10

81 282 220 321 delicet
237 283 391 333 imperii
411 283 584 320 Arimini
610 297 726 332 quam
749 283 882 320 Romae
909 283 1180 332 magistratum
1199 282 1269 319 ini-

81 351 215 384 turum
243 351 283 384 et
315 347 356 384 in
383 347 602 385 deversorio
626 347 808 396 hospitali
831 361 948 397 quam
978 347 1081 397 apud
1111 351 1269 396 penates

81 424 169 449 suos
196 416 426 461 praetextam
456 416 713 461 sumpturum.
777 412 973 448 Revocan-
1002 442 1058 466 The
1076 441 1215 472 indignant
1231 447 1270 466 se-
1291 428 1316 444 ιι

81 477 174 514 dum
190 476 361 513 um’versi
378 476 728 525 retrahendumque
742 480 975 513 censuerunt
1002 476 1063 527 iffi?
1085 472 1269 527 ffltmwffiffl}

80 545 121 579 et
147 541 359 590 cogendum
391 540 571 577 omnibus
603 541 709 589 prius
747 545 972 590 praesentem
1003 540 1115 558 success

80 606 122 642 in
149 605 240 642 deos
263 604 514 654 hominesque
539 605 649 654 fungi
675 605 816 651 officiis,
839 617 955 654 quam
981 605 1029 640 ad
1056 603 1268 658 exercitum

79 675 120 708 et
150 670 192 706 in
225 668 463 719 provinciam
496 670 580 706 iret.
640 669 688 706 In
722 682 804 706 eam
839 669 1073 718 legationem
1107 668 1269 718 (legatos
1288 681 1316 698 1²

80 735 185 772 enim
202 734 308 770 mitti
328 733 491 783 placuit)
521 734 564 779 Q.
597 733 801 770 Terentius
828 739 868 770 et
886 733 940 770 M.
965 733 1167 770 Antistius
1185 745 1268 782 pro-

80 799 172 836 fecti
197 798 320 835 nihilo
346 799 468 847 magis
487 810 576 834 eum
604 803 822 845 moverunt,
844 811 960 847 quam
983 799 1110 847 priore
1134 810 1268 835 consu-

79 861 162 898 latu
182 860 322 897 litterae
348 865 551 898 moverant
575 862 623 897 ab
649 865 786 898 senatu
807 861 944 899 missae.
1002 861 1153 898 Paucos
1182 865 1269 910 post
1290 876 1318 899 1³

80 925 162 962 dies
190 925 457 974 magistratum
491 925 592 972 iniit,
624 926 917 975 immolantique
946 927 980 962 ei
1009 926 1158 963 vitulus
1190 926 1267 962 iam

79 988 180 1026 ictus
198 1001 219 1025 e
238 989 417 1025 manibus
438 989 738 1027 sacrificantium
758 1003 839 1028 sese
859 1004 980 1040 quum
999 991 1265 1040 proripuisset,

79 1054 224 1091 multos
260 1055 554 1092 circumstantes
591 1068 724 1092 cruore
762 1056 944 1105 respersit
956 1070 967 1104 3
1007 1055 1098 1105 fuga
1134 1055 1267 1105 procul
1288 1072 1315 1094 14

80 1119 199 1156 etiam
227 1118 351 1156 maior
375 1119 476 1169 apud
502 1120 666 1169 ignaros,
696 1120 790 1168 quid
818 1120 1088 1170 trepidaretur,
1114 1124 1153 1157 et
1181 1133 1267 1157 oon-

80 1183 248 1222 cursatio
265 1182 351 1219 fuit.
412 1183 459 1219 Id
486 1196 509 1220 a
536 1183 729 1233 plerisque
748 1184 788 1220 in
817 1196 930 1221 omen
956 1183 1086 1233 magni
1107 1183 1267 1221 terroris

79 1250 288 1297 acceptum.
329 1247 564 1297 Leg10nibus
582 1248 671 1285 inde
688 1248 837 1285 duabus
852 1261 874 1285 a
887 1247 1114 1297 Sempronio
1128 1247 1267 1297 prioris
1287 1267 1317 1290 15

79 1312 173 1348 anni
196 1311 362 1358 consule,
385 1312 536 1349 duabus
563 1326 586 1349 a
615 1312 654 1350 O.
678 1312 805 1350 Atilio
834 1317 996 1362 praetore
1025 1312 1203 1361 acceptis,
1224 1312 1265 1348 in

80 1376 281 1413 Etruriam
309 1389 378 1426 per
405 1377 633 1426 Appennini
661 1377 837 1414 tramites
867 1377 1060 1415 exercitus
1090 1377 1179 1414 duci
1208 1381 1266 1413 est

80 1443 235 1489 coeptuS.

332 1484 384 1528 l&
