1455 2454
176 178 227 215 44
697 176 844 214 LII'II

176 277 278 325 quod
302 276 343 312 in
367 276 520 312 modum
546 275 776 324 fugientium
807 276 946 324 raptim
976 276 1169 324 agebatur,
1192 274 1282 324 quia
1306 285 1363 311 as-

177 341 283 388 sequi
315 344 418 376 terra
445 352 522 375 non
549 344 733 388 poteram,
763 352 956 388 regressus
983 340 1031 376 ad
1060 352 1188 385 naves,
1217 343 1363 388 quanta

177 404 347 439 maxima
366 403 475 452 potui
501 404 707 450 celeritate,
728 408 838 440 tauto
861 403 977 439 maris
1003 407 1268 452 terrarumque
1294 403 1364 439 cir-

177 467 296 513 cuitu,
324 468 366 503 in
396 467 588 504 radicibus
616 481 733 517 prope
753 468 917 517 Alpium
946 467 1035 503 huic
1064 468 1235 504 timendo
1260 465 1364 503 hosti

145 552 159 576 5
178 531 314 568 obvius
342 531 408 568 fui.
466 531 625 578 Utrum,
656 545 774 581 quum
803 532 1033 568 declinarem
1062 535 1265 576 certamen,
1295 530 1363 566 im-

178 595 354 644 provisus
373 595 552 632 incidisse
573 596 705 632 videor
723 609 772 632 an
793 608 987 633 occurrere
1012 595 1054 631 in
1073 595 1248 644 vestigiis
1268 595 1362 639 eius,

146 669 161 693 6
178 660 359 696 lacessere
379 673 421 696 ae
441 660 593 696 trahere
613 661 661 696 ad
680 660 985 697 decernendum‘l
1040 660 1219 708 Experiri
1242 659 1362 703 iuvat,

470 729 601 760 utrum
627 724 723 761 alios
747 729 903 773 repente
933 723 1270 772 Carthaginienses
1298 735 1366 770 per

178 771 445 832 iiiifimiifquxdiifffi
474 788 614 835 viginti
629 801 748 824 annos
763 792 865 824 terra
880 788 1055 834 ediderit,
1072 801 1121 823 an
1137 787 1252 823 iidem
1272 787 1362 832 sint,

178 834 223 857 the
236 840 316 863 ¹³⁶³oe
469 851 536 899 qui
572 851 620 887 ad
655 852 816 899 AEgates
849 855 1121 900 pugnaverunt
1150 850 1294 887 insulas
1325 854 1365 886 et

179 925 274 962 quos
301 915 349 951 ab
387 915 510 963 Eryce
539 915 808 951 duodevicenis
846 916 1013 952 denariis
1041 915 1249 952 aestimatos
1277 914 1367 951 emi-

147 993 161 1017 7
179 978 295 1025 sistis,
317 983 356 1015 et
375 983 508 1015 utrum
524 978 724 1015 Hannibal
744 979 806 1016 hic
826 980 877 1015 sit
895 980 1056 1016 aemulus
1071 980 1253 1016 itinerum
1268 978 1366 1015 Her-

178 1043 285 1088 culis,
319 1048 364 1079 ut
404 1043 485 1092 ipse
517 1043 603 1089 fert,
634 1057 684 1080 an
715 1044 914 1093 vectigalis
945 1043 1297 1092 stipendiariusque
1326 1046 1366 1078 et

147 1118 162 1143 8
180 1119 312 1143 servus
341 1107 472 1156 populi
506 1107 675 1144 Romani
706 1121 729 1144 a
761 1112 870 1157 patre
900 1108 1067 1145 relictus.
1138 1107 1261 1151 Quem
1291 1105 1367 1142 nisi

181 1171 440 1220 Saguntinum
464 1172 587 1208 scelus
616 1172 789 1221 agitaret,
811 1172 1015 1221 respiceret
1035 1171 1215 1221 profecto,
1238 1171 1270 1207 si
1289 1182 1367 1206 non

180 1236 344 1284 patriam
375 1235 528 1282 victam,
563 1236 719 1272 domum
759 1240 861 1273 certe
898 1241 1124 1285 patremque
1157 1239 1196 1271 et
1226 1234 1369 1271 foedera

148 1313 163 1338 9
182 1299 418 1336 Hamilcaris
438 1300 579 1348 scripta
602 1313 731 1349 manu,
754 1301 821 1349 qui
841 1300 966 1337 iussus
987 1301 1036 1336 ab
1062 1299 1217 1336 consule
1237 1302 1367 1335 nostro

181 1364 400 1413 praesidium
438 1364 601 1401 deduxit
637 1365 686 1401 ab
720 1365 853 1413 Eryce,
895 1365 963 1414 qui
999 1377 1134 1413 graves
1170 1363 1368 1412 impositas

181 1428 296 1465 victis
316 1427 701 1476 Carthaginiensibus
726 1429 828 1478 leges
854 1429 1022 1466 fremens
1050 1440 1285 1477 maerensque
1312 1440 1369 1464 ac-

182 1493 295 1542 cepit,
317 1492 384 1541 qui
414 1493 594 1530 decedere
615 1492 756 1539 Sicilia,
779 1493 846 1542 qui
866 1494 1101 1543 stipendium
1130 1492 1272 1542 populo
1292 1492 1370 1528 Ro-

133 1575 164 1592 10
182 1570 296 1593 mano
317 1557 406 1593 dare
426 1561 561 1606 pactus
579 1562 647 1594 est.
704 1558 845 1607 Itaque
864 1571 932 1594 vos
951 1571 1030 1606 ego,
1053 1557 1206 1603 milites,
1227 1569 1303 1592 non
1325 1568 1368 1592 eo

183 1621 305 1658 solum
334 1621 472 1667 animo,
503 1633 577 1670 quo
608 1621 792 1658 adversus
826 1623 920 1658 alios
952 1623 1079 1658 hostes
1108 1620 1248 1667 soletis,
1276 1632 1370 1669 pug-

183 1698 276 1722 nare
304 1685 433 1731 velim,
455 1686 520 1722 sed
548 1698 635 1722 cum
664 1686 931 1734 indignatione
959 1686 1124 1734 quadam
1155 1689 1271 1733 atque
1298 1685 1366 1730 ira,

181 1749 291 1786 velut
320 1749 352 1785 si
382 1762 511 1786 servos
544 1750 709 1786 videatis
741 1754 888 1787 vestros
916 1763 1023 1786 arma
1050 1753 1207 1799 repente
1236 1751 1370 1785 contra

133 1831 164 1850 n
183 1825 252 1849 vos
280 1813 455 1851 ferentes,
514 1813 643 1850 Licuit
672 1814 721 1850 ad
750 1814 913 1863 Erycem
941 1814 1090 1850 clausos
1117 1813 1256 1849 ultimo
1284 1825 1370 1861 sup-

183 1876 298 1926 plicio
325 1876 592 1924 humanorum,
625 1878 725 1914 fame
753 1879 968 1915 interficere
982 1891 993 1925 3
1030 1877 1142 1914 licuit
1171 1876 1368 1913 victricem

183 1941 340 1977 classem
369 1941 411 1977 in
438 1941 615 1978 Africam
644 1942 819 1979 traiicere
846 1947 965 1991 atque
993 1942 1098 1978 intra
1125 1953 1264 1990 pancos
1288 1940 1369 1976 dies

182 2036 268 2061 which
298 2037 362 2067 they
393 2036 448 2061 had
476 2005 558 2042 sine
577 2006 656 2042 ullo
684 2006 893 2043 certamine
923 2006 1196 2054 Carthaginem
1219 2005 1345 2042 delere
1357 2017 1369 2052 3

135 2087 167 2105 12
183 2067 448 2127 ffiZssyfflgJ‘sshggafflj·
476 2069 630 2106 veniam
667 2070 842 2107 dedimus
880 2070 1138 2119 precantibus,
1173 2069 1370 2106 emisimus

185 2128 322 2159 provoked
332 2129 432 2153 ‘'aad“
476 2146 526 2169 ex
553 2133 761 2181 obsidione,
787 2147 919 2183 pacem
942 2147 1031 2171 cum
1055 2133 1171 2170 victis
1197 2134 1367 2180 fecimus,

183 2195 317 2231 tutelae
337 2195 476 2232 deinde
502 2201 641 2233 nostrae
667 2197 860 2244 duximus,
883 2210 1002 2246 quum
1021 2197 1157 2233 Africo
1181 2196 1282 2233 bello
1306 2208 1369 2232 ur·

138 2280 167 2305 ις,
183 2263 377 2308 gerentur.
447 2260 525 2297 Pro
557 2260 617 2297 his
644 2261 853 2310 impertitis
885 2261 1075 2299 flu-iesum
1104 2261 1284 2298 iuvenem
1316 2272 1370 2297 se-
