1455 2454
118 164 166 202 32
638 165 697 201 LI
708 165 789 202 VII

117 260 312 298 Hiberum
342 261 534 298 traiecisse
562 262 611 298 ad
641 262 846 298 delendum
872 275 1013 300 nomen
1041 264 1305 303 Romanorum

84 334 100 358 4
117 324 437 373 liberandumque
457 326 588 361 orbem
617 329 818 362 terrarum.
878 325 978 363 Tum
1005 329 1152 366 nemini
1179 330 1306 368 visum

116 388 156 424 id
175 388 344 436 longum,
366 401 487 437 quum
514 389 562 425 ab
592 402 726 426 occasu
754 389 845 426 solis
872 391 921 426 ad
949 395 1106 429 exortus
1133 392 1308 432 intende-

85 465 99 489 5
118 457 204 488 rent
224 452 299 489 iter
307 466 319 500 3
349 466 462 501 nunc,
485 457 688 502 postquam
709 454 833 490 multo
858 454 1041 491 maiorem
1067 460 1217 504 partem
1242 457 1307 494 iti-

116 516 220 553 neris
250 530 441 553 emensam
468 522 639 564 cernant,
668 518 898 567 Pyrenaeum
922 519 1064 555 saltum
1078 520 1191 557 'inter
1212 521 1307 559 fero-

119 580 289 617 cissimas
308 585 441 630 gentes
461 586 694 631 superatum,
709 582 955 630 Rhodanum,
972 587 1126 620 tantum
1141 597 1306 632 amnem,

120 650 180 682 tot
217 646 389 682 millibus
428 646 629 683 Gallorum
666 646 971 696 prohibentibus,
1010 648 1156 685 domita
1187 649 1306 687 etiam

116 710 237 759 ipsius
262 711 433 748 fluminis
457 711 507 758 vi,
539 712 754 758 traiectum,
786 712 828 748 in
856 717 1062 762 conspeetu
1091 714 1214 763 Alpes
1241 714 1308 752 ha-

83 787 99 812 6
116 776 243 822 beant,
267 789 430 825 quarum
458 777 623 814 alterum
649 778 751 814 latus
777 778 902 814 Italiae
928 779 990 824 sit,
1012 778 1054 814 in
1074 779 1166 828 ipsis
1184 779 1308 827 portis

115 842 285 879 hostium
323 841 504 890 fatigatos
541 842 757 889 subsistere,
798 843 891 892 quid
928 843 1052 892 Alpes
1088 843 1196 880 aliud
1227 856 1307 880 esse

84 919 98 943 7
116 906 312 942 credentes
358 917 473 954 quam
520 906 712 942 montium
759 906 1019 943 altitudines?
1092 906 1306 956 Fingerent

115 967 270 1004 altiores
304 968 482 1017 Pyrenaei
513 968 613 1017 iugis
621 983 632 1016 3
661 969 789 1006 nullas
819 970 988 1018 profecto
1021 974 1144 1007 terras
1169 971 1305 1007 caelum

114 1030 337 1080 contingere
373 1044 442 1068 1100
479 1031 807 1081 inexsuperabiles
843 1032 1013 1070 humano
1044 1033 1176 1082 generi
1208 1046 1299 1070 esse.

114 1096 237 1145 Alpes
263 1096 419 1145 quidem
447 1095 624 1143 habitari,
657 1096 740 1143 coli,
770 1097 926 1145 gignere
954 1101 1070 1146 atque
1098 1097 1200 1134 alere
1228 1097 1306 1133 am·-

83 1169 98 1194 8
115 1164 287 1208 mantes,
325 1161 477 1210 pervias
510 1161 639 1198 fauces
672 1174 752 1198 esse
785 1161 1028 1198 exercitibus.
1087 1161 1163 1198 Eos
1191 1161 1306 1210 ipsos,

115 1238 210 1274 quos
229 1229 399 1272 cernant,
422 1225 566 1274 legatos
587 1239 665 1262 non
687 1226 818 1275 pinnis
842 1226 1004 1263 sublime
1034 1226 1154 1263 elatos
1182 1226 1305 1275 Alpes

115 1293 380 1339 transgressos.
439 1290 502 1327 Ne
538 1290 701 1327 maiores
738 1290 893 1339 quidem
928 1303 1058 1327 eorum
1091 1290 1304 1340 indigenas,

114 1354 182 1391 sed
201 1354 368 1391 advenas
388 1354 514 1390 Italiae
534 1355 699 1391 cultores
720 1354 789 1391 has
814 1355 917 1404 ipsas
935 1355 1058 1404 Alpes
1083 1355 1306 1404 ingentibus

115 1430 216 1467 saepe
235 1417 455 1467 agminibus
476 1430 563 1453 011111
582 1417 713 1454 liberis
733 1431 776 1454 ac
795 1417 1031 1466 coniugibus,
1053 1417 1304 1466 migrantium

83 1502 99 1527 9
116 1483 240 1529 modo,
262 1486 350 1519 tuto
369 1482 640 1520 transmisisse.
697 1482 822 1519 Militi
845 1482 999 1531 quidem
1024 1486 1184 1529 armato,
1206 1482 1304 1519 nihil

116 1560 244 1585 secum
263 1550 403 1596 praeter
425 1547 686 1583 instrument-a
712 1547 803 1584 belli
825 1547 1009 1596 portanti,
1037 1547 1130 1596 quid
1154 1547 1305 1584 invium

116 1617 185 1649 aut
203 1612 515 1661 inexsuperabile
535 1612 635 1648 esse‘l
677 1612 896 1660 Saguntum
916 1616 960 1648 ut
979 1615 1190 1660 caperetur,
1210 1611 1303 1661 quid

116 1690 185 1726 per
207 1680 292 1714 octo
311 1689 459 1713 menses
479 1676 651 1725 periculi,
673 1677 767 1726 quid
785 1676 925 1713 laboris
950 1676 1183 1713 exhaustum
1207 1678 1306 1714 esse?

71 1768 101 1785 ,ο
118 1742 295 1788 Romam,
327 1744 443 1790 eaput
470 1740 573 1777 orbis
606 1744 806 1787 terrarum,
838 1740 1060 1790 petentibus
1096 1740 1301 1790 quicquam

116 1806 210 1843 adeo
239 1818 417 1855 asperum
449 1808 565 1854 atque
596 1805 761 1842 arduum
793 1805 928 1852 videri,
968 1805 1070 1855 quod.
1106 1805 1304 1854 inceptum

71 1892 100 1910 11
117 1870 316 1907 moretm-2
374 1868 527 1919 Cepisse
546 1869 739 1919 quondam
761 1869 891 1906 Gallos
910 1882 966 1917 ea,
982 1882 1066 1919 quae
1081 1869 1179 1906 adiri
1194 1882 1303 1919 posse

117 1934 262 1972 Poenus
294 1934 470 1984 desperet
478 1947 489 1982 3
527 1934 688 1984 proinde
717 1937 787 1971 aut
820 1934 999 1971 cederent
1030 1934 1158 1971 animo
1186 1938 1303 1984 atque

117 1999 264 2035 virtute
283 1999 392 2048 genti
411 2012 479 2048 per
499 2012 562 2036 eos
581 1999 661 2035 dies
681 1998 796 2036 toties
815 1999 864 2035 ab
879 2011 919 2036 se
930 1999 1052 2046 vietae,
1067 2003 1136 2035 aut
1150 1998 1304 2036 itineris
1334 1995 1340 2005 “

117 2064 236 2100 finem
263 2067 419 2112 sperent
446 2076 624 2113 campum
648 2063 940 2100 interiacentem
960 2063 1092 2100 Tiberi
1110 2076 1153 2100 ac
1172 2063 1303 2100 moeni-

117 2129 190 2165 bus
209 2128 406 2165 Romanis.

51 2191 100 2230 31
198 2191 276 2229 His
295 2192 628 2230 adhortationibus
647 2192 827 2230 incitatos
847 2205 1005 2242 corpora
1028 2205 1161 2230 curare
1185 2196 1301 2241 atque

87 2279 102 2297 2
117 2256 167 2294 ad
185 2256 260 2294 iter
278 2270 317 2295 se
336 2270 471 2308 parare
490 2258 610 2297 iubet.
668 2257 829 2303 Postero
848 2257 910 2295 die
928 2257 1122 2307 profectus
1141 2257 1302 2296 adversa
