<?xml version="1.0" encoding="UTF-8"?>
<!DOCTYPE html PUBLIC "-//W3C//DTD XHTML 1.0 Transitional//EN"
    "http://www.w3.org/TR/xhtml1/DTD/xhtml1-transitional.dtd">
<html xmlns="http://www.w3.org/1999/xhtml" xml:lang="en" lang="en">
 <head>
  <title>
</title>
<meta http-equiv="Content-Type" content="text/html;charset=utf-8" />
  <meta name='ocr-system' content='tesseract 3.04.00' />
  <meta name='ocr-capabilities' content='ocr_page ocr_carea ocr_par ocr_line ocrx_word'/>
</head>
<body>
  <div class='ocr_page' id='page_1' title='image "./booksxxixxiihann00livyuoft_0133.png"; bbox 0 0 1403 2438; ppageno 0'>
   <div class='ocr_carea' id='block_1_1' title="bbox 503 127 1257 166">
    <p class='ocr_par' dir='ltr' id='par_1_1' title="bbox 503 127 1257 166">
     <span class='ocr_line' id='line_1_1' title="bbox 503 127 1257 166; baseline -0.001 0"><span class='ocrx_word' id='word_1_1' title='bbox 503 129 676 166; x_wconf 76' lang='lat' dir='ltr'><em>LIBER</em></span> <span class='ocrx_word' id='word_1_2' title='bbox 714 127 830 165; x_wconf 75' lang='lat' dir='ltr'><em>XXI.</em></span> <span class='ocrx_word' id='word_1_3' title='bbox 1210 128 1257 165; x_wconf 77' lang='lat'>67</span> 
     </span>
    </p>
   </div>
   <div class='ocr_carea' id='block_1_2' title="bbox 72 224 1331 2200">
    <p class='ocr_par' dir='ltr' id='par_1_2' title="bbox 72 224 1296 1364">
     <span class='ocr_line' id='line_1_2' title="bbox 74 224 1260 281; baseline -0.004 -14"><span class='ocrx_word' id='word_1_4' title='bbox 74 229 272 281; x_wconf 68' lang='lat' dir='ltr'>provincia</span> <span class='ocrx_word' id='word_1_5' title='bbox 295 232 379 264; x_wconf 85' lang='lat' dir='ltr'>erat</span> <span class='ocrx_word' id='word_1_6' title='bbox 394 241 403 273; x_wconf 78' lang='lat'><em>3</em></span> <span class='ocrx_word' id='word_1_7' title='bbox 435 239 520 263; x_wconf 85' lang='lat' dir='ltr'>eum</span> <span class='ocrx_word' id='word_1_8' title='bbox 546 226 757 275; x_wconf 75' lang='lat' dir='ltr'>reliquerat</span> <span class='ocrx_word' id='word_1_9' title='bbox 781 224 982 261; x_wconf 83' lang='lat' dir='ltr'><strong>Hannibal</strong></span> <span class='ocrx_word' id='word_1_10' title='bbox 1010 224 1058 261; x_wconf 88' lang='lat' dir='ltr'>ad</span> <span class='ocrx_word' id='word_1_11' title='bbox 1092 224 1260 273; x_wconf 83' lang='lat' dir='ltr'>regionis</span> 
     </span>
     <span class='ocr_line' id='line_1_3' title="bbox 72 288 1260 343; baseline -0.006 -12"><span class='ocrx_word' id='word_1_12' title='bbox 72 294 155 332; x_wconf 85' lang='lat' dir='ltr'>eius</span> <span class='ocrx_word' id='word_1_13' title='bbox 184 292 415 343; x_wconf 83' lang='lat' dir='ltr'>praesidium.</span> <span class='ocrx_word' id='word_1_14' title='bbox 475 291 624 339; x_wconf 84' lang='lat' dir='ltr'>Itaque,</span> <span class='ocrx_word' id='word_1_15' title='bbox 647 290 870 339; x_wconf 83' lang='lat' dir='ltr'>priusquam</span> <span class='ocrx_word' id='word_1_16' title='bbox 897 288 1159 325; x_wconf 77' lang='lat' dir='ltr'><strong>alienarentur</strong></span> <span class='ocrx_word' id='word_1_17' title='bbox 1184 301 1260 325; x_wconf 91' lang='lat' dir='ltr'>om-</span> 
     </span>
     <span class='ocr_line' id='line_1_4' title="bbox 72 353 1259 404; baseline -0.003 -10"><span class='ocrx_word' id='word_1_18' title='bbox 72 358 150 404; x_wconf 85' lang='lat' dir='ltr'>nia,</span> <span class='ocrx_word' id='word_1_19' title='bbox 177 356 330 393; x_wconf 84' lang='lat' dir='ltr'>obviam</span> <span class='ocrx_word' id='word_1_20' title='bbox 360 355 529 392; x_wconf 89' lang='lat' dir='ltr'>eundum</span> <span class='ocrx_word' id='word_1_21' title='bbox 559 358 678 399; x_wconf 83' lang='lat' dir='ltr'>ratus,</span> <span class='ocrx_word' id='word_1_22' title='bbox 709 353 844 390; x_wconf 82' lang='lat' dir='ltr'>castris</span> <span class='ocrx_word' id='word_1_23' title='bbox 873 354 911 389; x_wconf 91' lang='lat' dir='ltr'>in</span> <span class='ocrx_word' id='word_1_24' title='bbox 944 357 1149 402; x_wconf 86' lang='lat' dir='ltr'>conspectu</span> <span class='ocrx_word' id='word_1_25' title='bbox 1179 353 1259 390; x_wconf 88' lang='lat' dir='ltr'>hos—</span> 
     </span>
     <span class='ocr_line' id='line_1_5' title="bbox 73 417 1293 469; baseline -0.002 -11"><span class='ocrx_word' id='word_1_26' title='bbox 73 420 172 458; x_wconf 80' lang='lat' dir='ltr'>tium</span> <span class='ocrx_word' id='word_1_27' title='bbox 192 419 338 469; x_wconf 87' lang='lat' dir='ltr'>positis,</span> <span class='ocrx_word' id='word_1_28' title='bbox 360 419 402 455; x_wconf 85' lang='lat' dir='ltr'>in</span> <span class='ocrx_word' id='word_1_29' title='bbox 425 418 543 455; x_wconf 85' lang='lat' dir='ltr'>aciem</span> <span class='ocrx_word' id='word_1_30' title='bbox 571 417 718 454; x_wconf 84' lang='lat' dir='ltr'>eduxit.</span> <span class='ocrx_word' id='word_1_31' title='bbox 778 417 862 454; x_wconf 87' lang='lat' dir='ltr'>Nec</span> <span class='ocrx_word' id='word_1_32' title='bbox 882 417 1059 454; x_wconf 86' lang='lat' dir='ltr'>Romano</span> <span class='ocrx_word' id='word_1_33' title='bbox 1085 418 1259 455; x_wconf 85' lang='lat' dir='ltr'>differen-</span> <span class='ocrx_word' id='word_1_34' title='bbox 1278 430 1293 455; x_wconf 80' lang='lat'><strong>6</strong></span> 
     </span>
     <span class='ocr_line' id='line_1_6' title="bbox 75 480 1260 530; baseline -0.002 -9"><span class='ocrx_word' id='word_1_35' title='bbox 75 485 167 521; x_wconf 90' lang='lat' dir='ltr'>dum</span> <span class='ocrx_word' id='word_1_36' title='bbox 187 487 383 521; x_wconf 87' lang='lat' dir='ltr'>certamen</span> <span class='ocrx_word' id='word_1_37' title='bbox 402 481 541 527; x_wconf 85' lang='lat' dir='ltr'>visum,</span> <span class='ocrx_word' id='word_1_38' title='bbox 563 481 705 530; x_wconf 83' lang='lat' dir='ltr'>quippe</span> <span class='ocrx_word' id='word_1_39' title='bbox 725 480 792 530; x_wconf 87' lang='lat' dir='ltr'>qui</span> <span class='ocrx_word' id='word_1_40' title='bbox 812 480 936 527; x_wconf 87' lang='lat' dir='ltr'>sciret,</span> <span class='ocrx_word' id='word_1_41' title='bbox 959 494 1047 518; x_wconf 86' lang='lat' dir='ltr'>cum</span> <span class='ocrx_word' id='word_1_42' title='bbox 1063 481 1260 519; x_wconf 87' lang='lat' dir='ltr'>Hannone</span> 
     </span>
     <span class='ocr_line' id='line_1_7' title="bbox 74 544 1261 594; baseline -0.003 -9"><span class='ocrx_word' id='word_1_43' title='bbox 74 553 114 586; x_wconf 88' lang='lat' dir='ltr'>et</span> <span class='ocrx_word' id='word_1_44' title='bbox 146 545 397 584; x_wconf 81' lang='lat' dir='ltr'>Hasdrubale</span> <span class='ocrx_word' id='word_1_45' title='bbox 427 545 501 582; x_wconf 88' lang='lat' dir='ltr'>sibi</span> <span class='ocrx_word' id='word_1_46' title='bbox 538 544 800 581; x_wconf 81' lang='lat' dir='ltr'>dimicandum</span> <span class='ocrx_word' id='word_1_47' title='bbox 833 557 925 591; x_wconf 87' lang='lat' dir='ltr'>esse,</span> <span class='ocrx_word' id='word_1_48' title='bbox 958 544 1167 594; x_wconf 83' lang='lat' dir='ltr'>malletque</span> <span class='ocrx_word' id='word_1_49' title='bbox 1199 545 1261 582; x_wconf 90' lang='lat' dir='ltr'>ad-</span> 
     </span>
     <span class='ocr_line' id='line_1_8' title="bbox 74 608 1258 658; baseline -0.003 -10"><span class='ocrx_word' id='word_1_50' title='bbox 74 623 207 648; x_wconf 86' lang='lat' dir='ltr'>versus</span> <span class='ocrx_word' id='word_1_51' title='bbox 235 609 406 658; x_wconf 85' lang='lat' dir='ltr'>singulos</span> <span class='ocrx_word' id='word_1_52' title='bbox 435 609 641 658; x_wconf 88' lang='lat' dir='ltr'>separatim</span> <span class='ocrx_word' id='word_1_53' title='bbox 671 621 785 658; x_wconf 80' lang='lat' dir='ltr'>quam</span> <span class='ocrx_word' id='word_1_54' title='bbox 813 608 996 645; x_wconf 87' lang='lat' dir='ltr'>adversus</span> <span class='ocrx_word' id='word_1_55' title='bbox 1022 609 1116 645; x_wconf 88' lang='lat' dir='ltr'>duos</span> <span class='ocrx_word' id='word_1_56' title='bbox 1146 609 1258 645; x_wconf 84' lang='lat' dir='ltr'>simul</span> 
     </span>
     <span class='ocr_line' id='line_1_9' title="bbox 74 673 1292 724; baseline -0.001 -12"><span class='ocrx_word' id='word_1_57' title='bbox 74 687 155 712; x_wconf 88' lang='lat' dir='ltr'>rem</span> <span class='ocrx_word' id='word_1_58' title='bbox 173 686 313 724; x_wconf 80' lang='lat' dir='ltr'>gerere.</span> <span class='ocrx_word' id='word_1_59' title='bbox 373 673 456 711; x_wconf 90' lang='lat' dir='ltr'>Nec</span> <span class='ocrx_word' id='word_1_60' title='bbox 480 674 610 723; x_wconf 87' lang='lat' dir='ltr'>magni</span> <span class='ocrx_word' id='word_1_61' title='bbox 639 673 863 711; x_wconf 76' lang='lat' dir='ltr'>certaminis</span> <span class='ocrx_word' id='word_1_62' title='bbox 889 687 933 710; x_wconf 88' lang='lat' dir='ltr'>ea</span> <span class='ocrx_word' id='word_1_63' title='bbox 955 674 1152 711; x_wconf 74' lang='lat' dir='ltr'>dimicatio</span> <span class='ocrx_word' id='word_1_64' title='bbox 1172 674 1257 712; x_wconf 81' lang='lat' dir='ltr'>fuit.</span> <span class='ocrx_word' id='word_1_65' title='bbox 1279 695 1292 719; x_wconf 92' lang='lat'>7</span> 
     </span>
     <span class='ocr_line' id='line_1_10' title="bbox 76 739 1261 791; baseline -0.002 -15"><span class='ocrx_word' id='word_1_66' title='bbox 76 740 153 777; x_wconf 86' lang='lat' dir='ltr'>Sex</span> <span class='ocrx_word' id='word_1_67' title='bbox 179 739 302 776; x_wconf 88' lang='lat' dir='ltr'>millia</span> <span class='ocrx_word' id='word_1_68' title='bbox 328 739 498 776; x_wconf 87' lang='lat' dir='ltr'>hostium</span> <span class='ocrx_word' id='word_1_69' title='bbox 525 752 629 786; x_wconf 84' lang='lat' dir='ltr'>caesa,</span> <span class='ocrx_word' id='word_1_70' title='bbox 652 740 728 776; x_wconf 85' lang='lat' dir='ltr'>duo</span> <span class='ocrx_word' id='word_1_71' title='bbox 748 743 860 788; x_wconf 84' lang='lat' dir='ltr'>capta</span> <span class='ocrx_word' id='word_1_72' title='bbox 880 752 966 776; x_wconf 87' lang='lat' dir='ltr'>cum</span> <span class='ocrx_word' id='word_1_73' title='bbox 995 765 1261 791; x_wconf 76' lang='lat' dir='ltr'>anddeseatedHan-</span> 
     </span>
     <span class='ocr_line' id='line_1_11' title="bbox 75 796 1260 854; baseline -0.003 -13"><span class='ocrx_word' id='word_1_74' title='bbox 75 803 250 854; x_wconf 84' lang='lat' dir='ltr'>praesidio</span> <span class='ocrx_word' id='word_1_75' title='bbox 282 810 495 841; x_wconf 82' lang='lat' dir='ltr'>castrorum</span> <span class='ocrx_word' id='word_1_76' title='bbox 509 817 519 850; x_wconf 85' lang='lat'>;</span> <span class='ocrx_word' id='word_1_77' title='bbox 554 817 642 840; x_wconf 84' lang='lat' dir='ltr'>nam</span> <span class='ocrx_word' id='word_1_78' title='bbox 677 807 716 840; x_wconf 82' lang='lat' dir='ltr'>et</span> <span class='ocrx_word' id='word_1_79' title='bbox 748 808 873 840; x_wconf 82' lang='lat' dir='ltr'>castra</span> <span class='ocrx_word' id='word_1_80' title='bbox 906 816 969 840; x_wconf 85' lang='lat' dir='ltr'>ex·</span> <span class='ocrx_word' id='word_1_81' title='bbox 996 796 1260 822; x_wconf 54' lang='lat' dir='ltr'>¹¹⁰i¹²d¹³⁹⁷¹¹b²²n¹ffl</span> 
     </span>
     <span class='ocr_line' id='line_1_12' title="bbox 75 866 1262 919; baseline -0.001 -14"><span class='ocrx_word' id='word_1_82' title='bbox 75 873 247 919; x_wconf 85' lang='lat' dir='ltr'>pugnata</span> <span class='ocrx_word' id='word_1_83' title='bbox 265 873 368 915; x_wconf 89' lang='lat' dir='ltr'>sunt,</span> <span class='ocrx_word' id='word_1_84' title='bbox 390 873 507 918; x_wconf 88' lang='lat' dir='ltr'>atque</span> <span class='ocrx_word' id='word_1_85' title='bbox 533 869 614 918; x_wconf 85' lang='lat' dir='ltr'>ipse</span> <span class='ocrx_word' id='word_1_86' title='bbox 639 869 719 905; x_wconf 81' lang='lat' dir='ltr'>dux</span> <span class='ocrx_word' id='word_1_87' title='bbox 745 881 831 905; x_wconf 88' lang='lat' dir='ltr'>cum</span> <span class='ocrx_word' id='word_1_88' title='bbox 856 868 1005 917; x_wconf 86' lang='lat' dir='ltr'>aliquot</span> <span class='ocrx_word' id='word_1_89' title='bbox 1023 866 1262 916; x_wconf 86' lang='lat' dir='ltr'>principibus</span> 
     </span>
     <span class='ocr_line' id='line_1_13' title="bbox 75 931 1263 981; baseline -0.001 -13"><span class='ocrx_word' id='word_1_90' title='bbox 75 932 292 981; x_wconf 83' lang='lat' dir='ltr'>capiuntur,</span> <span class='ocrx_word' id='word_1_91' title='bbox 313 935 353 968; x_wconf 89' lang='lat' dir='ltr'>et</span> <span class='ocrx_word' id='word_1_92' title='bbox 381 931 512 978; x_wconf 82' lang='lat' dir='ltr'>Cissis,</span> <span class='ocrx_word' id='word_1_93' title='bbox 532 932 791 980; x_wconf 87' lang='lat' dir='ltr'>propinquum</span> <span class='ocrx_word' id='word_1_94' title='bbox 821 931 956 968; x_wconf 87' lang='lat' dir='ltr'>castris</span> <span class='ocrx_word' id='word_1_95' title='bbox 984 931 1179 979; x_wconf 88' lang='lat' dir='ltr'>oppidum,</span> <span class='ocrx_word' id='word_1_96' title='bbox 1201 942 1263 966; x_wconf 85' lang='lat' dir='ltr'>ex-</span> 
     </span>
     <span class='ocr_line' id='line_1_14' title="bbox 75 994 1295 1046; baseline -0.002 -13"><span class='ocrx_word' id='word_1_97' title='bbox 75 1001 281 1046; x_wconf 86' lang='lat' dir='ltr'>pugnatur.</span> <span class='ocrx_word' id='word_1_98' title='bbox 339 995 521 1033; x_wconf 84' lang='lat' dir='ltr'>Ceterum</span> <span class='ocrx_word' id='word_1_99' title='bbox 551 996 680 1044; x_wconf 87' lang='lat' dir='ltr'>praeda</span> <span class='ocrx_word' id='word_1_100' title='bbox 705 995 835 1045; x_wconf 89' lang='lat' dir='ltr'>oppidi</span> <span class='ocrx_word' id='word_1_101' title='bbox 864 995 975 1045; x_wconf 79' lang='lat' dir='ltr'>parvi</span> <span class='ocrx_word' id='word_1_102' title='bbox 998 994 1114 1044; x_wconf 88' lang='lat' dir='ltr'>pretii</span> <span class='ocrx_word' id='word_1_103' title='bbox 1135 1006 1262 1031; x_wconf 81' lang='lat' dir='ltr'>rerum</span> <span class='ocrx_word' id='word_1_104' title='bbox 1280 1011 1295 1036; x_wconf 79' lang='lat' dir='ltr'>g</span> 
     </span>
     <span class='ocr_line' id='line_1_15' title="bbox 75 1057 1296 1109; baseline -0.004 -12"><span class='ocrx_word' id='word_1_105' title='bbox 75 1060 162 1107; x_wconf 76' lang='lat' dir='ltr'>fuit,</span> <span class='ocrx_word' id='word_1_106' title='bbox 183 1059 355 1109; x_wconf 79' lang='lat' dir='ltr'>supellex</span> <span class='ocrx_word' id='word_1_107' title='bbox 372 1058 571 1095; x_wconf 86' lang='lat' dir='ltr'>barbarica</span> <span class='ocrx_word' id='word_1_108' title='bbox 589 1071 632 1095; x_wconf 87' lang='lat' dir='ltr'>ac</span> <span class='ocrx_word' id='word_1_109' title='bbox 652 1058 789 1094; x_wconf 82' lang='lat' dir='ltr'>vilium</span> <span class='ocrx_word' id='word_1_110' title='bbox 810 1057 1089 1107; x_wconf 86' lang='lat' dir='ltr'>mancipiorum</span> <span class='ocrx_word' id='word_1_111' title='bbox 1103 1070 1113 1103; x_wconf 87' lang='lat'>;</span> <span class='ocrx_word' id='word_1_112' title='bbox 1139 1061 1264 1093; x_wconf 85' lang='lat' dir='ltr'>castra</span> <span class='ocrx_word' id='word_1_113' title='bbox 1280 1078 1296 1102; x_wconf 92' lang='lat'>9</span> 
     </span>
     <span class='ocr_line' id='line_1_16' title="bbox 75 1120 1264 1170; baseline -0.003 -9"><span class='ocrx_word' id='word_1_114' title='bbox 75 1124 239 1161; x_wconf 78' lang='lat' dir='ltr'>militem</span> <span class='ocrx_word' id='word_1_115' title='bbox 266 1123 450 1169; x_wconf 74' lang='lat' dir='ltr'>ditavere,</span> <span class='ocrx_word' id='word_1_116' title='bbox 472 1135 552 1158; x_wconf 90' lang='lat' dir='ltr'>non</span> <span class='ocrx_word' id='word_1_117' title='bbox 577 1122 659 1159; x_wconf 86' lang='lat' dir='ltr'>eius</span> <span class='ocrx_word' id='word_1_118' title='bbox 682 1122 795 1159; x_wconf 87' lang='lat' dir='ltr'>modo</span> <span class='ocrx_word' id='word_1_119' title='bbox 822 1122 1026 1167; x_wconf 83' lang='lat' dir='ltr'>exercitus,</span> <span class='ocrx_word' id='word_1_120' title='bbox 1050 1120 1117 1170; x_wconf 89' lang='lat' dir='ltr'>qui</span> <span class='ocrx_word' id='word_1_121' title='bbox 1136 1120 1264 1156; x_wconf 73' lang='lat' dir='ltr'>victus</span> 
     </span>
     <span class='ocr_line' id='line_1_17' title="bbox 75 1183 1265 1241; baseline -0.006 -15"><span class='ocrx_word' id='word_1_122' title='bbox 75 1195 171 1241; x_wconf 75' lang='lat' dir='ltr'>erat,</span> <span class='ocrx_word' id='word_1_123' title='bbox 190 1188 257 1226; x_wconf 84' lang='lat' dir='ltr'>sed</span> <span class='ocrx_word' id='word_1_124' title='bbox 282 1192 322 1225; x_wconf 93' lang='lat' dir='ltr'>et</span> <span class='ocrx_word' id='word_1_125' title='bbox 348 1188 440 1234; x_wconf 89' lang='lat' dir='ltr'>eius,</span> <span class='ocrx_word' id='word_1_126' title='bbox 462 1187 529 1236; x_wconf 92' lang='lat' dir='ltr'>qui</span> <span class='ocrx_word' id='word_1_127' title='bbox 558 1199 644 1223; x_wconf 92' lang='lat' dir='ltr'>cum</span> <span class='ocrx_word' id='word_1_128' title='bbox 667 1186 893 1223; x_wconf 86' lang='lat' dir='ltr'>Hannibale</span> <span class='ocrx_word' id='word_1_129' title='bbox 918 1187 958 1222; x_wconf 90' lang='lat' dir='ltr'>in</span> <span class='ocrx_word' id='word_1_130' title='bbox 988 1185 1107 1222; x_wconf 84' lang='lat' dir='ltr'>Italia</span> <span class='ocrx_word' id='word_1_131' title='bbox 1126 1183 1265 1220; x_wconf 87' lang='lat' dir='ltr'>milita-</span> 
     </span>
     <span class='ocr_line' id='line_1_18' title="bbox 75 1248 1265 1300; baseline -0.005 -10"><span class='ocrx_word' id='word_1_132' title='bbox 75 1254 153 1300; x_wconf 90' lang='lat' dir='ltr'>bat,</span> <span class='ocrx_word' id='word_1_133' title='bbox 173 1253 353 1290; x_wconf 88' lang='lat' dir='ltr'>omnibus</span> <span class='ocrx_word' id='word_1_134' title='bbox 381 1253 460 1289; x_wconf 87' lang='lat' dir='ltr'>fere</span> <span class='ocrx_word' id='word_1_135' title='bbox 487 1251 585 1288; x_wconf 86' lang='lat' dir='ltr'>caris</span> <span class='ocrx_word' id='word_1_136' title='bbox 610 1252 737 1297; x_wconf 87' lang='lat' dir='ltr'>rebus,</span> <span class='ocrx_word' id='word_1_137' title='bbox 759 1264 808 1288; x_wconf 89' lang='lat' dir='ltr'>ne</span> <span class='ocrx_word' id='word_1_138' title='bbox 827 1250 959 1300; x_wconf 85' lang='lat' dir='ltr'>gravia</span> <span class='ocrx_word' id='word_1_139' title='bbox 988 1248 1265 1299; x_wconf 86' lang='lat' dir='ltr'>impedimenta</span> 
     </span>
     <span class='ocr_line' id='line_1_19' title="bbox 76 1315 989 1364; baseline -0.003 -10"><span class='ocrx_word' id='word_1_140' title='bbox 76 1317 288 1354; x_wconf 81' lang='lat' dir='ltr'>serentibus</span> <span class='ocrx_word' id='word_1_141' title='bbox 303 1320 442 1362; x_wconf 83' lang='lat' dir='ltr'>essent,</span> <span class='ocrx_word' id='word_1_142' title='bbox 465 1316 560 1353; x_wconf 86' lang='lat' dir='ltr'>citra</span> <span class='ocrx_word' id='word_1_143' title='bbox 582 1316 813 1364; x_wconf 70' lang='lat' dir='ltr'>Pyrenaeum</span> <span class='ocrx_word' id='word_1_144' title='bbox 833 1315 989 1352; x_wconf 87' lang='lat' dir='ltr'>relictis.</span> 
     </span>
    </p>

    <p class='ocr_par' dir='ltr' id='par_1_3' title="bbox 75 1378 1331 2200">
     <span class='ocr_line' id='line_1_20' title="bbox 156 1378 1331 1431; baseline -0.006 -12"><span class='ocrx_word' id='word_1_145' title='bbox 156 1381 387 1431; x_wconf 79' lang='lat' dir='ltr'>Priusquam</span> <span class='ocrx_word' id='word_1_146' title='bbox 408 1386 512 1418; x_wconf 88' lang='lat' dir='ltr'>certa</span> <span class='ocrx_word' id='word_1_147' title='bbox 530 1380 646 1417; x_wconf 84' lang='lat' dir='ltr'>huius</span> <span class='ocrx_word' id='word_1_148' title='bbox 666 1379 785 1417; x_wconf 88' lang='lat' dir='ltr'>cladis</span> <span class='ocrx_word' id='word_1_149' title='bbox 805 1379 907 1415; x_wconf 86' lang='lat' dir='ltr'>fama</span> <span class='ocrx_word' id='word_1_150' title='bbox 925 1378 1126 1423; x_wconf 84' lang='lat' dir='ltr'>accideret,</span> <span class='ocrx_word' id='word_1_151' title='bbox 1142 1381 1264 1413; x_wconf 85' lang='lat' dir='ltr'>trans·</span> <span class='ocrx_word' id='word_1_152' title='bbox 1283 1382 1331 1419; x_wconf 88' lang='lat'>61</span> 
     </span>
     <span class='ocr_line' id='line_1_21' title="bbox 75 1444 1266 1496; baseline -0.003 -13"><span class='ocrx_word' id='word_1_153' title='bbox 75 1459 226 1496; x_wconf 89' lang='lat' dir='ltr'>gressus</span> <span class='ocrx_word' id='word_1_154' title='bbox 259 1445 454 1482; x_wconf 88' lang='lat' dir='ltr'>Hiberum</span> <span class='ocrx_word' id='word_1_155' title='bbox 491 1444 717 1481; x_wconf 85' lang='lat' dir='ltr'>Hasdrubal</span> <span class='ocrx_word' id='word_1_156' title='bbox 759 1456 846 1480; x_wconf 90' lang='lat' dir='ltr'>cum</span> <span class='ocrx_word' id='word_1_157' title='bbox 886 1447 971 1480; x_wconf 91' lang='lat' dir='ltr'>octo</span> <span class='ocrx_word' id='word_1_158' title='bbox 999 1455 1155 1481; x_wconf 77' lang='lat' dir='ltr'>Hasdrubal</span> <span class='ocrx_word' id='word_1_159' title='bbox 1176 1462 1266 1480; x_wconf 76' lang='lat' dir='ltr'>comes</span> 
     </span>
     <span class='ocr_line' id='line_1_22' title="bbox 75 1486 1266 1559; baseline -0.006 -12"><span class='ocrx_word' id='word_1_160' title='bbox 75 1510 250 1548; x_wconf 88' lang='lat' dir='ltr'>millibus</span> <span class='ocrx_word' id='word_1_161' title='bbox 264 1509 449 1559; x_wconf 89' lang='lat' dir='ltr'>peditum,</span> <span class='ocrx_word' id='word_1_162' title='bbox 463 1509 570 1545; x_wconf 80' lang='lat' dir='ltr'>mille</span> <span class='ocrx_word' id='word_1_163' title='bbox 585 1508 771 1558; x_wconf 88' lang='lat' dir='ltr'>equitum,</span> <span class='ocrx_word' id='word_1_164' title='bbox 787 1512 971 1557; x_wconf 86' lang='lat' dir='ltr'>tanquam</span> <span class='ocrx_word' id='word_1_165' title='bbox 1000 1486 1266 1553; x_wconf 46' lang='grc' dir='ltr'>ῗὲἷῑι-,ῒέεοαὲέῑῗξῖιῖἶ</span> 
     </span>
     <span class='ocr_line' id='line_1_23' title="bbox 75 1547 1266 1624; baseline -0.004 -11"><span class='ocrx_word' id='word_1_166' title='bbox 75 1575 125 1613; x_wconf 80' lang='lat' dir='ltr'>ad</span> <span class='ocrx_word' id='word_1_167' title='bbox 143 1575 314 1624; x_wconf 87' lang='lat' dir='ltr'>primum</span> <span class='ocrx_word' id='word_1_168' title='bbox 332 1574 544 1610; x_wconf 87' lang='lat' dir='ltr'>adventum</span> <span class='ocrx_word' id='word_1_169' title='bbox 563 1573 829 1610; x_wconf 86' lang='lat' dir='ltr'>Romanorum</span> <span class='ocrx_word' id='word_1_170' title='bbox 848 1585 974 1609; x_wconf 90' lang='lat' dir='ltr'>occur·</span> <span class='ocrx_word' id='word_1_171' title='bbox 1001 1547 1182 1609; x_wconf 50' lang='grc' dir='ltr'>ἓῗτῗξέῗετεῗῆ</span> <span class='ocrx_word' id='word_1_172' title='bbox 1220 1547 1266 1571; x_wconf 81' lang='lat' dir='ltr'>the</span> 
     </span>
     <span class='ocr_line' id='line_1_24' title="bbox 76 1636 1264 1688; baseline -0.004 -10"><span class='ocrx_word' id='word_1_173' title='bbox 76 1652 200 1687; x_wconf 69' lang='lat' dir='ltr'>surm,</span> <span class='ocrx_word' id='word_1_174' title='bbox 240 1643 445 1688; x_wconf 84' lang='lat' dir='ltr'>postquam</span> <span class='ocrx_word' id='word_1_175' title='bbox 482 1638 653 1688; x_wconf 84' lang='lat' dir='ltr'>perditas</span> <span class='ocrx_word' id='word_1_176' title='bbox 693 1651 754 1674; x_wconf 87' lang='lat' dir='ltr'>res</span> <span class='ocrx_word' id='word_1_177' title='bbox 786 1637 835 1674; x_wconf 89' lang='lat' dir='ltr'>ad</span> <span class='ocrx_word' id='word_1_178' title='bbox 869 1636 1007 1674; x_wconf 86' lang='lat' dir='ltr'>Cissim</span> <span class='ocrx_word' id='word_1_179' title='bbox 1049 1637 1264 1686; x_wconf 83' lang='lat' dir='ltr'>amissaque</span> 
     </span>
     <span class='ocr_line' id='line_1_25' title="bbox 76 1702 1299 1753; baseline -0.003 -11"><span class='ocrx_word' id='word_1_180' title='bbox 76 1708 202 1742; x_wconf 84' lang='lat' dir='ltr'>castra</span> <span class='ocrx_word' id='word_1_181' title='bbox 238 1703 396 1753; x_wconf 85' lang='lat' dir='ltr'>accepit,</span> <span class='ocrx_word' id='word_1_182' title='bbox 434 1703 511 1740; x_wconf 86' lang='lat' dir='ltr'>iter</span> <span class='ocrx_word' id='word_1_183' title='bbox 541 1703 590 1740; x_wconf 87' lang='lat' dir='ltr'>ad</span> <span class='ocrx_word' id='word_1_184' title='bbox 623 1716 729 1740; x_wconf 86' lang='lat' dir='ltr'>mare</span> <span class='ocrx_word' id='word_1_185' title='bbox 761 1703 964 1739; x_wconf 90' lang='lat' dir='ltr'>convertit.</span> <span class='ocrx_word' id='word_1_186' title='bbox 1034 1702 1154 1739; x_wconf 86' lang='lat' dir='ltr'>Haud</span> <span class='ocrx_word' id='word_1_187' title='bbox 1183 1714 1267 1752; x_wconf 87' lang='lat' dir='ltr'>pro·</span> <span class='ocrx_word' id='word_1_188' title='bbox 1285 1726 1299 1742; x_wconf 81' lang='lat'>2</span> 
     </span>
     <span class='ocr_line' id='line_1_26' title="bbox 77 1765 1267 1815; baseline -0.003 -10"><span class='ocrx_word' id='word_1_189' title='bbox 77 1767 140 1805; x_wconf 87' lang='lat' dir='ltr'>cul</span> <span class='ocrx_word' id='word_1_190' title='bbox 166 1767 380 1805; x_wconf 74' lang='lat' dir='ltr'>Tarracone</span> <span class='ocrx_word' id='word_1_191' title='bbox 412 1767 588 1805; x_wconf 91' lang='lat' dir='ltr'>classicos</span> <span class='ocrx_word' id='word_1_192' title='bbox 617 1767 764 1803; x_wconf 90' lang='lat' dir='ltr'>milites</span> <span class='ocrx_word' id='word_1_193' title='bbox 792 1765 1028 1815; x_wconf 85' lang='lat' dir='ltr'>navalesque</span> <span class='ocrx_word' id='word_1_194' title='bbox 1056 1765 1176 1802; x_wconf 89' lang='lat' dir='ltr'>socios</span> <span class='ocrx_word' id='word_1_195' title='bbox 1204 1778 1267 1801; x_wconf 84' lang='lat' dir='ltr'>va-</span> 
     </span>
     <span class='ocr_line' id='line_1_27' title="bbox 77 1829 1266 1882; baseline -0.003 -13"><span class='ocrx_word' id='word_1_196' title='bbox 77 1844 145 1882; x_wconf 88' lang='lat' dir='ltr'>gos</span> <span class='ocrx_word' id='word_1_197' title='bbox 162 1831 414 1882; x_wconf 83' lang='lat' dir='ltr'>palantesque</span> <span class='ocrx_word' id='word_1_198' title='bbox 438 1844 507 1882; x_wconf 88' lang='lat' dir='ltr'>per</span> <span class='ocrx_word' id='word_1_199' title='bbox 526 1844 648 1881; x_wconf 84' lang='lat' dir='ltr'>agros,</span> <span class='ocrx_word' id='word_1_200' title='bbox 668 1830 771 1880; x_wconf 90' lang='lat' dir='ltr'>quod</span> <span class='ocrx_word' id='word_1_201' title='bbox 799 1831 917 1867; x_wconf 86' lang='lat' dir='ltr'>ferme</span> <span class='ocrx_word' id='word_1_202' title='bbox 945 1830 1002 1876; x_wconf 90' lang='lat' dir='ltr'>fit,</span> <span class='ocrx_word' id='word_1_203' title='bbox 1021 1834 1068 1866; x_wconf 91' lang='lat' dir='ltr'>ut</span> <span class='ocrx_word' id='word_1_204' title='bbox 1093 1829 1266 1867; x_wconf 84' lang='lat' dir='ltr'>secundae</span> 
     </span>
     <span class='ocr_line' id='line_1_28' title="bbox 79 1894 1302 1946; baseline -0.003 -12"><span class='ocrx_word' id='word_1_205' title='bbox 79 1909 138 1933; x_wconf 88' lang='lat' dir='ltr'>res</span> <span class='ocrx_word' id='word_1_206' title='bbox 167 1896 443 1946; x_wconf 87' lang='lat' dir='ltr'>negligentiam</span> <span class='ocrx_word' id='word_1_207' title='bbox 477 1900 619 1943; x_wconf 85' lang='lat' dir='ltr'>creent,</span> <span class='ocrx_word' id='word_1_208' title='bbox 653 1895 783 1945; x_wconf 89' lang='lat' dir='ltr'>equite</span> <span class='ocrx_word' id='word_1_209' title='bbox 813 1895 957 1944; x_wconf 86' lang='lat' dir='ltr'>passim</span> <span class='ocrx_word' id='word_1_210' title='bbox 990 1894 1147 1931; x_wconf 87' lang='lat' dir='ltr'>dimisso</span> <span class='ocrx_word' id='word_1_211' title='bbox 1177 1907 1266 1931; x_wconf 85' lang='lat' dir='ltr'>oum</span> <span class='ocrx_word' id='word_1_212' title='bbox 1297 1924 1302 1930; x_wconf 88' lang='lat'>.</span> 
     </span>
     <span class='ocr_line' id='line_1_29' title="bbox 79 1958 1300 2011; baseline -0.003 -12"><span class='ocrx_word' id='word_1_213' title='bbox 79 1974 217 2011; x_wconf 83' lang='lat' dir='ltr'>magna</span> <span class='ocrx_word' id='word_1_214' title='bbox 235 1961 347 2008; x_wconf 86' lang='lat' dir='ltr'>caede,</span> <span class='ocrx_word' id='word_1_215' title='bbox 367 1961 512 1999; x_wconf 88' lang='lat' dir='ltr'>maiore</span> <span class='ocrx_word' id='word_1_216' title='bbox 529 1961 622 2010; x_wconf 85' lang='lat' dir='ltr'>fuga</span> <span class='ocrx_word' id='word_1_217' title='bbox 640 1960 689 1996; x_wconf 89' lang='lat' dir='ltr'>ad</span> <span class='ocrx_word' id='word_1_218' title='bbox 708 1972 827 1996; x_wconf 82' lang='lat' dir='ltr'>naves</span> <span class='ocrx_word' id='word_1_219' title='bbox 846 1959 1042 2008; x_wconf 85' lang='lat' dir='ltr'>compellit</span> <span class='ocrx_word' id='word_1_220' title='bbox 1055 1972 1065 2006; x_wconf 81' lang='lat'><em>3</em></span> <span class='ocrx_word' id='word_1_221' title='bbox 1093 1971 1164 1995; x_wconf 90' lang='lat' dir='ltr'>nec</span> <span class='ocrx_word' id='word_1_222' title='bbox 1185 1958 1268 1995; x_wconf 88' lang='lat' dir='ltr'>diu·</span> <span class='ocrx_word' id='word_1_223' title='bbox 1286 1981 1300 2004; x_wconf 82' lang='lat'>3</span> 
     </span>
     <span class='ocr_line' id='line_1_30' title="bbox 78 2021 1267 2073; baseline -0.004 -10"><span class='ocrx_word' id='word_1_224' title='bbox 78 2027 158 2063; x_wconf 88' lang='lat' dir='ltr'>tius</span> <span class='ocrx_word' id='word_1_225' title='bbox 177 2025 278 2063; x_wconf 87' lang='lat' dir='ltr'>circa</span> <span class='ocrx_word' id='word_1_226' title='bbox 300 2039 345 2063; x_wconf 87' lang='lat' dir='ltr'>ea</span> <span class='ocrx_word' id='word_1_227' title='bbox 367 2026 452 2063; x_wconf 89' lang='lat' dir='ltr'>loca</span> <span class='ocrx_word' id='word_1_228' title='bbox 474 2025 618 2062; x_wconf 87' lang='lat' dir='ltr'>morari</span> <span class='ocrx_word' id='word_1_229' title='bbox 642 2037 768 2072; x_wconf 86' lang='lat' dir='ltr'>ausus,</span> <span class='ocrx_word' id='word_1_230' title='bbox 789 2037 837 2060; x_wconf 87' lang='lat' dir='ltr'>ne</span> <span class='ocrx_word' id='word_1_231' title='bbox 863 2025 912 2060; x_wconf 89' lang='lat' dir='ltr'>ab</span> <span class='ocrx_word' id='word_1_232' title='bbox 938 2023 1116 2073; x_wconf 85' lang='lat' dir='ltr'>Scipione</span> <span class='ocrx_word' id='word_1_233' title='bbox 1142 2021 1267 2072; x_wconf 87' lang='lat' dir='ltr'>oppri-</span> 
     </span>
     <span class='ocr_line' id='line_1_31' title="bbox 78 2085 1302 2136; baseline -0.002 -12"><span class='ocrx_word' id='word_1_234' title='bbox 78 2092 261 2135; x_wconf 86' lang='lat' dir='ltr'>meretur,</span> <span class='ocrx_word' id='word_1_235' title='bbox 277 2092 386 2125; x_wconf 87' lang='lat' dir='ltr'>trans</span> <span class='ocrx_word' id='word_1_236' title='bbox 405 2088 602 2125; x_wconf 84' lang='lat' dir='ltr'>Hiberum</span> <span class='ocrx_word' id='word_1_237' title='bbox 621 2100 702 2125; x_wconf 86' lang='lat' dir='ltr'>sese</span> <span class='ocrx_word' id='word_1_238' title='bbox 721 2086 874 2136; x_wconf 87' lang='lat' dir='ltr'>recepit.</span> <span class='ocrx_word' id='word_1_239' title='bbox 917 2086 970 2122; x_wconf 92' lang='lat' dir='ltr'>Et</span> <span class='ocrx_word' id='word_1_240' title='bbox 983 2085 1110 2135; x_wconf 82' lang='lat' dir='ltr'>Scipio</span> <span class='ocrx_word' id='word_1_241' title='bbox 1122 2085 1265 2134; x_wconf 88' lang='lat' dir='ltr'>raptim</span> <span class='ocrx_word' id='word_1_242' title='bbox 1286 2105 1302 2128; x_wconf 83' lang='lat'>4</span> 
     </span>
     <span class='ocr_line' id='line_1_32' title="bbox 79 2148 1266 2200; baseline -0.003 -11"><span class='ocrx_word' id='word_1_243' title='bbox 79 2151 128 2189; x_wconf 81' lang='lat' dir='ltr'>ad</span> <span class='ocrx_word' id='word_1_244' title='bbox 159 2151 303 2189; x_wconf 80' lang='lat' dir='ltr'>famam</span> <span class='ocrx_word' id='word_1_245' title='bbox 331 2164 520 2189; x_wconf 86' lang='lat' dir='ltr'>novorum</span> <span class='ocrx_word' id='word_1_246' title='bbox 552 2151 724 2189; x_wconf 87' lang='lat' dir='ltr'>hostium</span> <span class='ocrx_word' id='word_1_247' title='bbox 756 2150 910 2200; x_wconf 84' lang='lat' dir='ltr'>agmine</span> <span class='ocrx_word' id='word_1_248' title='bbox 942 2154 1039 2197; x_wconf 88' lang='lat' dir='ltr'>acto,</span> <span class='ocrx_word' id='word_1_249' title='bbox 1073 2162 1194 2199; x_wconf 90' lang='lat' dir='ltr'>quum</span> <span class='ocrx_word' id='word_1_250' title='bbox 1224 2148 1266 2185; x_wconf 90' lang='lat' dir='ltr'>in</span> 
     </span>
    </p>
   </div>
   <div class='ocr_carea' id='block_1_3' title="bbox 79 2214 1266 2267">
    <p class='ocr_par' dir='ltr' id='par_1_4' title="bbox 79 2214 1266 2267">
     <span class='ocr_line' id='line_1_33' title="bbox 79 2214 1266 2267; baseline -0.003 -12"><span class='ocrx_word' id='word_1_251' title='bbox 79 2230 220 2267; x_wconf 84' lang='lat' dir='ltr'>paucos</span> <span class='ocrx_word' id='word_1_252' title='bbox 251 2217 447 2267; x_wconf 69' lang='lat' dir='ltr'>praefectos</span> <span class='ocrx_word' id='word_1_253' title='bbox 489 2217 651 2255; x_wconf 81' lang='lat' dir='ltr'>navium</span> <span class='ocrx_word' id='word_1_254' title='bbox 698 2215 1047 2262; x_wconf 84' lang='lat' dir='ltr'>animadvertisset,</span> <span class='ocrx_word' id='word_1_255' title='bbox 1087 2214 1266 2265; x_wconf 86' lang='lat' dir='ltr'>praesidio</span> 
     </span>
    </p>
   </div>
   <div class='ocr_carea' id='block_1_4' title="bbox 1045 2291 1156 2330">
    <p class='ocr_par' dir='ltr' id='par_1_5' title="bbox 1045 2291 1156 2330">
     <span class='ocr_line' id='line_1_34' title="bbox 1045 2291 1156 2330; baseline -0.009 0"><span class='ocrx_word' id='word_1_256' title='bbox 1045 2291 1156 2330; x_wconf 79' lang='lat'>5—2</span> 
     </span>
    </p>
   </div>
  </div>
 </body>
</html>
