1403 2438
496 92 667 130 LIBER
704 93 848 131 XXII.
1193 94 1267 133 147

159 193 370 242 Postquam
400 192 574 229 Manlius
603 193 715 239 dixit,
744 205 964 242 quanquam
995 196 1148 242 patrum
1178 205 1267 242 quo·
1287 192 1335 229 61

77 269 152 306 que
171 256 371 306 plerosque
391 257 535 305 captivi
560 258 787 305 cognatione
813 257 976 305 attinge-
1004 282 1060 308 ‘nm
1100 285 1191 307 senato
1227 290 1267 307 re,

76 321 182 367 bant,
205 324 345 370 praeter
370 320 591 369 exemplum
617 321 788 357 civitatis
814 321 974 357 minime
1003 314 1139 368 ζῖξξᾷῃῐξζο
1169 320 1209 369 ⁰3}
1221 314 1267 369 {12¹2

74 384 117 422 in
136 384 310 435 captivos
329 384 404 421 iam
426 385 515 421 inde
535 384 755 434 antiquitus
774 384 975 433 indulgen·
1003 375 1128 405 captives,

76 449 139 497 tis,
159 449 330 499 pecuniae
359 461 511 498 quoque
540 461 690 485 summa
712 448 886 485 homines
914 447 1048 494 movit,
1076 448 1168 498 quia
1195 461 1265 486 nec
1284 469 1298 486 2

74 513 251 550 aerarium
272 513 488 559 exhaurire,
511 525 650 562 magna
668 513 746 549 iam
766 525 916 549 summa
941 517 1097 562 erogata
1123 513 1165 549 in
1191 526 1266 549 scr-

74 590 142 614 vos
166 578 214 614 ad
241 577 422 614 militiam
448 577 628 613 emendos
653 576 944 626 armandosque,
966 589 1036 613 nec
1063 576 1266 613 Hanniba-

73 641 162 687 lem,
181 641 352 678 maxime
370 641 528 678 huiusce
551 641 618 686 rei,
641 645 686 677 ut
711 640 814 677 fama
839 644 932 686 erat,
954 644 1141 689 egentem,
1164 640 1265 677 locu-

70 705 213 755 pletari
231 705 424 743 volebant.
484 705 614 750 Quum
634 705 747 741 triste
765 717 1001 754 responsum,
1023 717 1101 741 non
1124 704 1263 741 redimi
1282 724 1297 748 3

71 770 254 819 captivos,
276 769 473 807 redditum
493 773 603 815 esset,
625 781 825 818 novusque
852 781 968 818 super
986 772 1158 806 veterem
1186 769 1264 806 luc-

71 837 136 871 tus
170 837 231 871 tot
267 834 417 871 iactura
449 833 594 871 civium
631 833 804 870 adiectus
840 837 950 881 esset,
986 846 1073 870 eum
1111 833 1263 882 magnis

70 898 224 935 fletibus
243 898 514 948 questibusque
534 898 679 947 legatos
698 897 747 934 ad
766 901 919 946 portam
938 897 1133 947 prosecuti
1155 901 1258 935 sunt.

72 962 187 1000 Unus
207 975 255 1000 ex
274 963 322 1000 iis
341 963 499 999 domum
517 962 624 1008 abiit,
646 962 750 1011 quod
768 961 896 998 fallaci
916 961 1045 998 reditu
1069 961 1111 998 in
1136 965 1261 998 castra
1280 980 1293 1003 4

69 1027 153 1064 iure
178 1027 342 1064 iurando
366 1039 407 1064 se
434 1026 671 1064 exsolvisset.
730 1025 842 1070 Quod
870 1025 938 1062 ubi
965 1025 1140 1062 innotuit
1168 1025 1262 1062 rela-

69 1094 230 1140 tumque
247 1091 297 1128 ad
316 1094 493 1128 senatum
513 1094 581 1138 est,
603 1103 736 1128 omnes
756 1093 991 1127 censuerunt
1017 1090 1262 1140 comprehen-

68 1155 239 1193 dendum
270 1159 311 1194 et
342 1155 566 1194 custodibus
598 1155 751 1206 publice
782 1154 883 1192 datis
913 1155 1181 1192 deducendum
1212 1155 1261 1192 ad.

68 1219 333 1258 Hannibalem
354 1233 444 1258 esse.

113 1288 118 1292 ’
146 1284 219 1322 Est
239 1288 279 1322 et
297 1285 374 1322 alia
392 1286 439 1323 de
459 1285 624 1336 captivis
643 1285 763 1323 fama:
783 1285 913 1323 decem
929 1285 1073 1335 primos
1089 1285 1239 1322 venisse
1247 1299 1258 1334 3
1279 1303 1294 1328 5

65 1349 114 1387 de
135 1349 190 1386 eis
215 1362 337 1399 quum
362 1350 585 1387 dubitatum
614 1350 656 1386 in
685 1354 822 1387 senatu
850 1354 961 1397 esset,
991 1358 1041 1413 {³1⁰²
1057 1359 1103 1413 ιέιε
1118 1357 1215 1402 oetan?
1233 1358 1261 1394 qr

64 1412 367 1450 admitterentur
383 1413 426 1450 in
443 1413 579 1450 urbem
599 1426 729 1460 necne,
751 1413 808 1450 ita
829 1414 965 1451 admis-
993 1396 1259 1450 οῘιΞΙῗόιῖἔεὲἷίἳωὲὲ-Γμ

64 1489 126 1514 sos
158 1489 248 1524 esse,
284 1490 334 1514 ne
366 1481 498 1514 tamen
527 1477 577 1515 iis
609 1481 765 1515 senatus
796 1478 954 1515 daretur
966 1491 978 1526 3
1016 1478 1258 1516 morantibus
1277 1492 1292 1516 6

62 1539 202 1578 deinde
224 1541 376 1591 longius
401 1541 575 1578 omnium
601 1554 678 1591 spe,
699 1542 796 1579 alios
821 1545 899 1579 tres
924 1542 1083 1592 insuper
1111 1543 1258 1592 legatos

62 1605 225 1652 venisse,
246 1605 288 1642 L.
315 1605 560 1643 Scribonium
587 1610 626 1643 et
653 1605 694 1644 O.
725 1606 981 1656 Calpurnium
1007 1610 1047 1644 et
1073 1606 1117 1646 L.
1146 1607 1258 1645 Man-

62 1668 160 1705 lium
172 1680 184 1716 3
212 1672 299 1706 tum
318 1669 471 1706 demum
493 1670 542 1707 ab
562 1674 724 1719 cognato
745 1670 938 1708 Scribonii
957 1671 1114 1708 tribuno
1133 1671 1257 1721 plebis
1276 1686 1290 1710 7

61 1733 110 1771 de
146 1733 380 1772 redimendis
417 1734 584 1784 captivis
621 1735 789 1772 relatum
825 1747 918 1779 esse,
955 1748 1026 1772 nec
1063 1736 1256 1773 censuisse

63 1797 303 1835 redimendos
322 1801 500 1835 senatum
513 1812 525 1847 3
553 1802 593 1835 et
611 1811 732 1836 novos
751 1799 898 1849 legatos
923 1803 1003 1836 tres
1027 1800 1077 1837 ad
1102 1799 1256 1837 Hanni-

63 1861 187 1898 balem
215 1862 430 1908 revertisse,
451 1862 582 1899 decem
610 1866 761 1900 veteres
788 1863 1029 1910 remansisse,
1057 1864 1160 1913 quod
1187 1877 1256 1913 per
1273 1873 1289 1898 8

60 1938 215 1963 causam
242 1927 538 1976 recognoscendi
565 1927 725 1965 nomina
753 1928 996 1977 captivorum
1024 1928 1073 1964 ad
1102 1928 1255 1965 Hanni-

62 1987 188 2024 balem
213 2000 263 2024 ex
290 1987 430 2026 itinere
457 1989 621 2038 regressi
647 1989 833 2039 religione
861 2003 942 2028 sese
971 1990 1252 2038 exsolvissent;

60 2051 109 2088 de
139 2050 190 2088 iis
221 2051 407 2089 dedendis
438 2065 579 2102 magna
611 2053 860 2091 contentione
887 2058 1019 2091 actum
1046 2054 1089 2090 in
1116 2057 1254 2091 senatu

59 2127 153 2163 esse,
172 2115 372 2165 victosque
400 2116 531 2165 paucis
558 2118 773 2165 sententiis,
805 2118 872 2168 qui
901 2118 1095 2155 dedendos
1123 2131 1254 2155 censu-

59 2178 165 2217 erint
169 2192 182 2228 3
200 2183 371 2218 ceterum
389 2180 577 2231 proximis
596 2182 819 2220 censoribus
838 2183 932 2221 adeo
952 2183 1130 2220 omnibus
1149 2182 1253 2220 notis
1269 2194 1288 2221 9

998 2260 1137 2300 10—2
