1403 2438
498 131 667 168 LIBER
706 130 850 170 XXII.
1223 132 1267 168 81

79 228 153 274 bal,
173 229 415 277 captivorum
441 229 508 277 qui
537 229 670 266 Latini
693 229 860 266 nominis
886 233 1025 275 esseut,
1046 229 1128 266 sine
1148 228 1273 278 pretio

79 292 258 339 dimissis,
272 291 460 330 Romanis
474 294 514 329 in
529 293 685 330 vincula
699 293 810 340 datis,
825 298 1022 342 segregata
1036 306 1082 330 ex
1101 293 1269 329 hostium

78 362 389 394 coacervatorum
415 358 581 395 cumulis
608 370 766 407 corpora
791 370 949 394 suorum
977 344 1095 406 quum
1120 357 1271 406 sepeliri

78 420 262 468 iussisset,
287 422 469 459 Flaminii
499 435 651 472 quoque
674 435 812 471 corpus
834 422 981 459 funeris
1002 435 1114 459 causa
1134 434 1273 471 magna

77 499 164 523 cum
184 499 278 524 cura
295 487 527 537 inquisitum
547 500 625 524 non
645 487 805 524 invenit.

160 551 293 588 Romae
312 552 360 588 ad
380 552 547 600 primum
570 552 756 588 nuntium
776 551 897 588 cladis
917 552 1000 588 cius
1014 564 1100 588 culn
1121 552 1268 601 ingenti
1291 569 1306 593 6

79 620 222 653 terrore
251 629 296 654 ac
328 617 502 653 tumultu
541 629 747 653 concursus
780 617 821 653 in
852 617 979 653 forum
1007 631 1064 655 The
1100 630 1198 666 tidings
1232 631 1270 666 (111

79 679 211 729 populi
243 684 302 717 est
333 679 472 717 factus.
541 680 733 717 Matronae
767 693 873 730 vagae
910 693 978 729 per
1004 661 1274 717 fflffissnssgssmgtss‘fi
1291 702 1305 725 7

77 744 171 792 vias,
193 757 278 794 quae
297 757 436 794 repens
461 745 587 782 clades
606 745 725 781 allata
748 758 883 794 quaeve
901 745 1061 781 fortuna
1079 744 1271 780 exercitus

77 812 187 855 esset,
220 808 354 846 obvios
386 814 692 858 percontantur3
724 814 763 846 et
793 822 913 858 quum
943 807 1157 858 frequentis
1185 819 1271 844 con-

77 874 195 911 tiom's
215 874 328 911 modo
350 874 464 911 turba
482 874 525 910 in
545 874 745 911 comitium
771 880 810 910 et
836 874 982 911 curiam
1003 885 1114 910 versa
1132 871 1271 921 magis-

78 941 201 974 tratus
221 943 387 984 vocaret,
408 938 566 974 tandem
589 938 693 974 haud
719 938 843 974 multo
864 941 954 974 ante
977 937 1067 974 solis
1094 949 1269 973 occasum

77 1001 132 1040 M.
155 1002 393 1052 Pomponius
418 1007 560 1052 praetor
587 1003 791 1052 “Pugna'’
821 1003 952 1051 inquit
982 1006 1156 1052 “magna
1174 1001 1271 1039 victi
1288 1010 1303 1034 8

75 1067 242 1104 sumus.''
299 1068 353 1104 Et
379 1080 602 1117 quanquam
633 1067 733 1104 niln'l
762 1068 904 1104 certius
935 1080 983 1103 ex
1015 1080 1058 1103 eo
1091 1066 1270 1103 auditum

75 1137 145 1180 est,
165 1137 298 1170 tamen
324 1133 424 1170 alius
453 1134 500 1170 ab
524 1133 601 1170 alio
628 1132 781 1182 impleti
808 1133 1030 1169 rumoribus
1056 1133 1187 1169 domos
1215 1144 1271 1168 re-

23 1204 28 1214 ‘
76 1198 216 1245 ferunt,
238 1198 432 1236 consulem
462 1211 549 1235 cum
575 1211 717 1248 magna
744 1202 854 1247 parte
883 1198 1079 1247 copiarum
1102 1210 1241 1234 caesum
1257 1210 1268 1244 ;
1287 1215 1305 1240 9

74 1275 270 1312 superesse
289 1277 430 1313 paucos
449 1268 519 1301 aut
537 1263 627 1312 fuga
648 1263 791 1313 passim
812 1276 880 1312 per
897 1263 1096 1299 Etruriam
1118 1275 1268 1312 sparsos

74 1330 144 1363 aut
163 1330 294 1376 captos
308 1327 357 1363 ab
372 1327 492 1363 hoste.
538 1326 644 1370 Quot
658 1338 767 1362 casus
782 1327 975 1362 exercitus
990 1326 1085 1362 victi
1100 1325 1266 1372 fuerant,
1289 1344 1322 1362 10

75 1394 134 1427 tot
152 1390 196 1427 in
212 1404 322 1427 curas
341 1391 540 1440 dispertiti
559 1391 680 1427 animi
701 1403 833 1427 00111111
859 1396 979 1437 erant,
1002 1403 1166 1439 quorum
1186 1403 1269 1440 pro-

75 1455 213 1505 pinqui
243 1456 316 1492 sub
347 1455 386 1493 C.
420 1456 614 1492 Flaminio
647 1456 802 1492 consule
831 1460 1063 1503 meruerant,
1092 1457 1270 1505 ignoran-

74 1519 188 1566 tium,
201 1533 286 1569 quae
299 1520 484 1570 cuiusque
497 1533 654 1558 suorum
667 1521 824 1557 fortuna
838 1526 936 1557 esset
943 1534 954 1567 3
973 1533 1044 1557 1100
1063 1521 1270 1570 quisquam

74 1585 168 1622 satis
186 1589 337 1622 certum
355 1585 484 1632 habet,
499 1585 593 1634 quid
608 1589 678 1622 aut
693 1589 821 1635 speret
839 1590 909 1622 aut
927 1587 1074 1623 timeat.
1107 1586 1269 1623 Postero
1290 1603 1319 1620 u

73 1663 118 1686 ac
137 1649 316 1700 deinceps
334 1649 484 1699 aliquot
503 1650 639 1687 diebus
663 1651 713 1687 ad
738 1655 870 1700 portas
895 1651 1019 1687 maior
1043 1664 1162 1701 prope
1186 1664 1270 1688 mu-

73 1715 214 1752 lierum
241 1727 358 1764 quam
391 1715 566 1752 virorum
596 1715 809 1752 multitudo
845 1716 967 1762 stetit,
1007 1720 1078 1753 aut
1110 1729 1270 1754 suorum

73 1780 242 1830 aliquem
271 1784 341 1817 aut
369 1779 530 1817 nuntios
562 1780 610 1817 de
643 1780 691 1816 iis
721 1780 924 1830 opperiens
936 1794 948 1827 3
987 1780 1269 1818 circumfunde-

73 1845 293 1894 banturque
320 1845 446 1882 obviis
474 1845 726 1892 sciscitantes,
751 1858 877 1894 neque
904 1846 1034 1893 avelli,
1058 1846 1196 1895 utique
1220 1846 1268 1882 ab

73 1911 185 1957 notis,
205 1911 434 1960 priusquam
462 1910 597 1946 ordine
625 1911 756 1947 omnia
782 1910 1046 1959 inquisissent,
1073 1914 1264 1960 poterant.

75 1975 171 2012 Inde
190 1975 318 2012 varios
339 1975 476 2012 vultus
501 1974 803 2024 digredientium
830 1976 878 2012 ab
904 1975 1055 2012 nuntiis
1081 1987 1265 2022 cerneres,
1288 1991 1319 2009 η
1339 2012 1352 2035 ι

72 2043 118 2076 ut
135 2039 275 2089 cuique
289 2038 378 2075 laeta
396 2043 466 2076 aut
483 2039 612 2076 tristia
632 2040 929 2086 nuntiabantur,
951 2039 1268 2090 gratulantesque

71 2107 141 2140 aut
159 2104 400 2141 consolantes
418 2104 672 2142 redeuntibus
691 2105 824 2142 domos
843 2104 1103 2143 circumfusos.
1145 2105 1269 2142 Femi-

71 2180 210 2206 narum
239 2169 431 2219 praecipue
468 2173 508 2206 et
542 2170 684 2219 gaudia
721 2170 890 2220 insignia
917 2174 1030 2207 erant
1058 2174 1098 2207 et
1125 2170 1266 2208 luctus.

73 2231 207 2271 Unam
238 2233 282 2271 111
313 2234 399 2284 ipsa
431 2238 544 2284 porta
567 2234 704 2284 sospiti
732 2234 813 2271 filio
841 2239 999 2284 repente
1027 2235 1198 2272 oblatam
1225 2236 1269 2273 in
1289 2248 1320 2274 ¹3

185 2309 224 2340 0.
243 2309 281 2341 L.
1127 2301 1151 2342 6
