1455 2454
149 165 199 203 64
666 163 726 200 LI
736 162 817 201 VII

148 262 214 299 via
233 264 518 307 concurrerunt,
548 264 588 298 et
613 273 733 310 quum
759 274 808 298 ex
834 261 956 298 altera
982 264 1091 310 parte
1118 261 1217 299 nihil
1241 275 1334 312 prae-

149 329 208 363 ter
236 325 472 362 inconditam
500 325 656 361 turbam
684 329 794 371 esset,
825 324 867 361 in
895 324 1018 362 altera
1042 330 1082 362 et
1107 326 1187 362 dux
1215 326 1333 363 militi

149 394 189 427 et
217 390 304 426 duci
331 389 441 426 miles
466 389 596 436 fidens,
619 389 667 426 ad
691 389 854 438 triginta
877 390 1048 439 quinque
1073 390 1196 427 millia
1214 391 1333 428 homi-

101 466 132 490 13
149 466 243 490 num
270 466 294 490 a
321 453 451 502 paucis
479 453 574 490 fusa.
630 453 792 490 Postero
822 454 883 490 die
910 454 1105 491 deditione
1123 454 1225 491 facta
1242 467 1335 504 prae-

149 518 292 555 sidium
316 517 423 554 intra
450 518 592 555 moenia
620 531 798 567 accepere
811 532 822 565 3
850 518 1021 567 iussique
1047 531 1154 555 arma
1182 518 1334 556 tradere

150 597 270 633 quum
316 583 419 619 dicto
465 582 694 631 paruissent,
734 582 888 632 signum
928 587 1087 632 repente
1124 581 1335 619 victoribus

104 661 134 686 ¹⁴
151 649 276 694 datur,
306 651 351 684 ut
379 651 579 696 tamquam
606 647 647 683 vi
675 650 827 694 captam
856 646 992 683 urbem
1020 646 1243 695 diriperent,
1270 657 1336 682 ne-

151 726 225 762 que
261 712 352 757 ulla,
391 724 474 760 quae
511 710 553 746 in
589 709 660 746 tali
695 723 738 746 re
782 710 1042 747 memorabilis
1080 709 1336 747 scribentibus

150 778 276 815 videri
302 777 407 822 solet,
429 775 685 824 praetermissa
714 775 839 812 clades
869 779 927 811 est
939 788 951 822 3
978 775 1072 811 adeo
1101 774 1225 810 omnis
1251 773 1337 810 libi·

152 840 254 877 dinis
284 839 600 887 crudelitatisque
633 843 672 875 et
709 839 931 875 inhumanae
964 838 1151 887 superbiae
1188 838 1336 874 editum

151 904 194 940 in
221 904 379 940 miseros
408 903 627 951 exemplum
661 906 728 940 est.
786 902 862 939 Hae
889 902 998 939 fuere
1026 902 1197 939 hibernae
1226 914 1338 951 expe·

152 967 318 1004 ditiones
337 966 584 1003 Hannibalis.

87 1038 136 1076 58
233 1031 355 1068 Haud
386 1030 491 1079 longi
523 1030 613 1067 inde
642 1030 836 1079 temporis,
866 1030 957 1066 dum
986 1030 1246 1067 intolerabilia
1272 1029 1338 1067 fri·

122 1111 137 1128 2
154 1107 197 1131 He
213 1106 282 1131 tried
299 1108 327 1130 to
344 1111 418 1130 cross
444 1108 536 1145 gora
569 1100 691 1141 erant,
723 1095 831 1144 quies
859 1095 977 1131 militi
1008 1094 1098 1131 data
1127 1098 1196 1140 est,
1224 1097 1264 1130 et
1289 1094 1338 1131 ad

153 1136 417 1167 theApenninesinto
494 1160 501 1167 .
750 1159 758 1167 .
835 1159 843 1166 .
1020 1158 1027 1165 .

154 1168 272 1197 Etruria,
294 1168 344 1191 but
364 1173 417 1191 was
444 1173 569 1209 prima
596 1173 639 1196 ac
668 1160 785 1196 dubia
813 1172 924 1208 signa
949 1171 1050 1195 veris
1077 1158 1270 1207 profectus
1289 1170 1338 1194 ex

153 1197 418 1253 ἓῖτιέξέοῐῑζξῑιῖὴθξῗ
445 1224 616 1260 hibernis
646 1224 687 1259 in
713 1223 913 1260 Etruriam
940 1223 1057 1269 ducit,
1079 1235 1163 1259 eam
1186 1234 1338 1271 quoque

154 1291 319 1336 gentem,
349 1287 449 1324 sicut
477 1287 608 1324 Gallos
645 1288 893 1337 Liguresque,
928 1291 998 1324 aut
1026 1288 1067 1324 vi
1099 1291 1168 1324 aut
1204 1287 1340 1324 volun-

122 1367 137 1392 3
155 1357 235 1389 tate
280 1351 544 1388 adiuncturus.
620 1352 900 1388 Transeuntem
932 1351 1215 1401 Appenninum
1244 1351 1338 1388 adeo

154 1419 268 1452 atrox
299 1414 434 1451 adorta
470 1418 678 1464 tempestas
711 1418 778 1461 est,
813 1419 859 1451 ut
891 1414 1054 1463 Alpium
1083 1427 1202 1463 prope
1233 1414 1339 1450 foedi-

154 1482 276 1516 tatem
303 1479 550 1528 superaverit.
621 1479 754 1516 Vento
787 1479 934 1515 mixtus
965 1478 1089 1522 imber
1121 1491 1241 1528 quum
1267 1479 1340 1515 fer-

155 1546 264 1578 retur
308 1542 351 1578 in
396 1542 479 1590 ipsa
523 1555 600 1587 ora,
650 1542 784 1590 primo,
833 1541 924 1590 quia
969 1545 1038 1578 aut
1083 1553 1190 1577 arma
1229 1540 1340 1577 omit-

156 1605 274 1641 tenda
315 1609 427 1641 erant
476 1610 544 1642 aut
587 1610 721 1642 contra
771 1606 961 1642 enitentes
1011 1606 1155 1642 vertice
1201 1605 1339 1642 intorti

124 1686 140 1710 4
157 1669 436 1718 affligebantur,
475 1670 681 1706 constitere
693 1683 704 1716 3
760 1670 849 1706 dein
886 1683 1005 1719 quum
1045 1670 1124 1706 iam
1159 1670 1339 1719 spiritum

157 1733 371 1769 includeret
400 1745 469 1769 nec
499 1733 733 1782 reciprocare
766 1733 934 1769 animam
971 1732 1127 1777 sineret,
1159 1732 1286 1769 aversi
1317 1745 1341 1768 a

126 1816 141 1840 5
158 1798 276 1831 vento
312 1807 519 1844 parumper
551 1795 763 1832 consedere.
821 1795 919 1831 Tum
948 1807 1038 1831 vero
1065 1795 1216 1844 ingenti
1247 1807 1340 1831 sono

159 1857 293 1894 caelum
331 1863 500 1907 strepere
536 1862 576 1895 et
612 1858 715 1895 inter
752 1858 961 1895 horrendos
996 1859 1164 1907 fragores
1199 1858 1341 1897 micare

127 1933 143 1958 6
159 1922 290 1971 ignes3
318 1922 422 1971 capti
453 1923 611 1959 auribus
645 1926 684 1960 et
713 1923 833 1960 oculis
863 1927 971 1959 metu
1000 1935 1132 1959 omnes
1161 1927 1314 1972 torpere
1327 1935 1339 1970 3

158 1986 315 2023 tandem
335 1987 454 2023 effuso
473 1987 607 2033 imbre,
629 1999 748 2035 quum
769 1999 813 2024 eo
831 1986 953 2036 magis
972 1999 1129 2023 accensa
1148 1986 1208 2023 vis
1233 1986 1342 2023 vent-i

159 2053 267 2096 esset,
295 2049 378 2099 ipso
403 2050 482 2096 illo,
503 2063 579 2099 quo
605 2050 783 2099 deprensi
810 2054 932 2096 erant,
954 2051 1036 2087 loco
1059 2055 1183 2087 castra
1201 2062 1342 2100 ponere

127 2125 143 2151 1
159 2113 417 2150 necessarium
444 2114 573 2150 visum
600 2117 668 2151 est.
726 2114 776 2151 Id
804 2127 895 2150 vero
920 2114 1063 2151 laboris
1087 2114 1197 2151 velut
1221 2115 1268 2151 de
1286 2113 1342 2150 in-

158 2181 267 2227 tegro
293 2177 453 2214 initium
479 2178 581 2225 fuit3
609 2190 700 2214 nam
728 2190 798 2215 nec
822 2178 1014 2227 explicare
1039 2179 1244 2228 quicquam
1271 2190 1343 2215 nec

158 2243 328 2280 statuere
352 2245 534 2291 poterant
558 2254 639 2290 nec,
663 2242 766 2292 quod
792 2245 983 2280 statutum
1011 2247 1121 2291 esset,
1147 2241 1340 2289 manebat,
