1455 2454
113 176 163 214 28
636 173 788 217 LIVII

115 276 247 310 mento
266 273 463 318 haberent,
486 272 664 308 omnibus
683 271 802 308 ferme
828 270 907 308 suis
936 274 1043 308 trans
1068 271 1303 309 Rhodanum

117 337 287 374 traiectis
324 337 547 373 ulteriorem
584 336 709 385 ripam
750 335 874 372 amnis
911 336 1027 372 armis
1064 336 1302 374 obtinebant.

83 412 98 436 7
118 401 273 439 Ceteros
292 401 437 438 accolas
462 400 633 437 fluminis
663 399 864 437 Hannibal
894 403 934 436 et
962 413 1093 437 eorum
1120 400 1304 450 ipsorum,

116 478 211 514 quos
230 465 337 502 sedes
356 477 433 501 suae
453 468 670 511 tenuerant,
692 464 806 501 simul
826 464 973 514 pellicit
992 465 1102 501 donis
1121 465 1170 502 ad
1188 477 1306 502 naves

117 529 289 579 undique
326 529 606 566 contrahendas
642 529 970 578 fabricandasque,
1003 529 1119 565 simul
1158 532 1198 566 et
1233 529 1308 578 ipsi

117 594 245 631 traiici
276 594 489 631 exercitum
521 594 718 643 levarique
753 606 869 643 quam
906 594 1075 643 primum
1112 593 1306 642 regionem

84 673 98 697 3
118 671 225 694 suam
244 662 357 695 tanta
375 658 576 695 hominum
595 662 757 707 urgente
776 658 892 694 turba
910 658 1124 708 cupiebant.
1167 658 1308 707 Itaque

119 723 252 771 ingens
280 727 410 760 coacta
436 724 497 759 vis
525 722 684 759 navium
715 727 774 759 est
802 723 1056 772 lintriumque
1089 727 1232 759 temere
1259 722 1308 759 ad

119 787 324 824 vicinalem
355 800 467 824 usum
496 791 738 836 paratarum3
775 799 970 836 novasque
1008 787 1102 823 alias
1139 786 1309 835 primum

85 868 99 891 9
120 852 225 889 Galli
243 852 468 888 inchoantes
487 852 676 887 cavabant
696 864 744 887 ex
764 851 925 899 singulis
945 851 1154 898 arboribus,
1172 850 1310 887 deinde

119 920 159 953 et
187 916 260 965 ipsi
290 916 443 963 milites,
477 916 592 952 simul
625 915 732 965 copia
766 916 945 962 materiae,
979 915 1093 952 simul
1124 915 1311 952 facilitate

121 981 246 1030 operis
265 980 425 1027 inducti,
448 981 576 1017 alveos
601 980 794 1027 informes,
817 980 928 1027 nihil,
950 979 1157 1016 dummodo
1175 979 1312 1016 innare

122 1058 229 1095 aquae
250 1049 289 1082 et
308 1058 441 1094 capere
461 1058 576 1082 onera
596 1050 761 1094 possent,
785 1048 974 1090 curantes,
996 1044 1150 1093 raptim,
1171 1044 1312 1093 quibus

52 1116 101 1154 27
122 1125 180 1148 who
218 1124 302 1149 forces
341 1125 388 1148 the
416 1122 455 1146 se
470 1123 614 1159 suaque
625 1109 930 1154 transveherent,
953 1109 1154 1145 faciebant.
1211 1107 1313 1144 Iam-

121 1162 232 1210 Rassage
270 1156 298 1180 of
341 1156 386 1179 the
621 1174 627 1180 .
806 1173 813 1179 .
1071 1172 1078 1179 .
1273 1172 1296 1179 ..

150 1185 343 1215 honeinspite
361 1186 389 1209 of
415 1187 488 1223 que
525 1174 704 1210 omnibus
742 1176 835 1209 satis
872 1177 1101 1222 comparatis
1130 1172 1179 1209 ad
1208 1175 1314 1208 tran-

121 1217 167 1241 the
190 1216 340 1246 opposition
361 1217 389 1240 of
442 1237 448 1243 ,

122 1247 168 1272 the
180 1248 290 1276 nativas,
418 1237 606 1283 ciendum,
647 1238 845 1273 terrebant
881 1249 931 1272 ex
967 1237 1126 1273 adverso
1171 1236 1310 1282 hostes,

90 1322 104 1339 2
124 1315 278 1339 omnem
310 1301 435 1350 ripam
469 1301 617 1350 equites
653 1301 806 1350 virique
843 1301 1072 1338 obtinentes.
1132 1300 1236 1345 Quos
1269 1305 1313 1337 ut

126 1369 329 1413 averteret,
354 1365 591 1402 Hannonem
621 1365 848 1402 Bomilcaris
875 1365 1000 1402 filium
1027 1365 1161 1414 vigilia
1189 1365 1313 1415 prima

124 1430 248 1467 noctis
267 1443 352 1466 cun]
374 1433 484 1479 parte
504 1429 711 1478 copiarum,
736 1430 905 1466 maxime
931 1430 1132 1479 Hispanis,
1153 1430 1314 1468 adverso

92 1509 105 1533 3
127 1496 284 1532 flumine
303 1495 359 1531 ire
382 1495 457 1531 iter
482 1496 597 1532 unius
621 1495 698 1531 diei
725 1495 834 1531 iubet
862 1499 911 1541 et,
942 1495 1010 1531 ubi
1037 1495 1205 1544 primum
1232 1507 1316 1545 pos-

126 1561 186 1608 sit,
228 1573 343 1609 quam
376 1560 633 1596 occultissime
670 1560 831 1596 traiecto
878 1559 993 1605 amni,
1033 1559 1315 1597 circumducere

128 1636 275 1673 agmen,
307 1627 361 1670 ut,
395 1636 514 1672 quum
546 1635 641 1672 opus
672 1623 772 1659 facto
802 1623 863 1669 sit,
897 1622 1094 1659 adoriatur
1125 1623 1174 1659 ab
1206 1626 1315 1672 tergo

92 1687 284 1725 4110813811).
342 1685 408 1721 Ad
436 1685 477 1722 id
505 1685 585 1721 dati
614 1686 728 1722 duces
757 1685 861 1722 Galli
886 1685 1055 1732 edocent,
1076 1685 1167 1721 inde
1192 1685 1316 1722 millia

126 1750 298 1800 quinque
318 1753 356 1786 ct
379 1750 520 1799 viginti
548 1750 666 1786 ferme
695 1763 812 1799 supra
838 1763 967 1799 parvae
995 1751 1130 1787 insulae
1158 1751 1316 1788 circum-

126 1813 256 1849 fusum
285 1826 438 1850 amnem
466 1813 614 1860 latiore,
650 1814 717 1850 ubi
748 1814 1004 1861 dividebatur,
1038 1827 1157 1864 eoque
1185 1815 1315 1852 minus

95 1897 109 1922 5
129 1877 207 1914 alto
232 1877 342 1914 alveo
365 1878 573 1914 transitum
601 1878 812 1916 ostendere.
873 1878 939 1915 Ibi
965 1879 1108 1928 raptim
1127 1892 1221 1916 caesa
1239 1893 1317 1916 ma-

129 1940 228 1977 teria
249 1944 427 1989 ratesque
446 1940 654 1987 fabricatae,
678 1941 720 1977 in
740 1942 881 1990 quibus
901 1942 992 1991 equi
1010 1943 1163 1991 virique
1182 1947 1222 1980 et
1239 1943 1317 1980 alia

128 2015 243 2040 onera
262 2003 542 2040 traiicerentur.
600 2004 772 2053 Hispani
799 2005 882 2042 sine
909 2005 991 2041 ulla
1017 2006 1128 2052 mole,
1149 2006 1193 2043 in
1209 2010 1317 2044 utres

127 2068 370 2106 vestimentis
389 2069 580 2115 coniectis,
602 2068 676 2118 ipsi
704 2069 828 2105 caetris
856 2070 1106 2119 superpositis
1134 2070 1318 2107 incuban-

94 2149 110 2172 ⁶
129 2136 186 2169 tes
232 2133 374 2169 flumen
422 2137 635 2169 tranavere.
695 2132 748 2170 Et
793 2133 892 2170 alius
938 2134 1132 2171 exercitus
1167 2134 1317 2171 ratibus

128 2199 271 2235 iunctis
292 2200 487 2247 traiectus,
508 2198 642 2235 castris
661 2210 779 2247 prope
797 2198 942 2235 fiumen
961 2199 1107 2248 positis,
1127 2202 1317 2236 nocturno

130 2261 270 2300 itincre
307 2266 424 2313 atque
461 2262 586 2313 operis
616 2262 746 2300 labore
783 2262 905 2299 sessus
936 2261 1066 2312 quiete
1094 2262 1212 2299 unius
1241 2261 1316 2299 dici
