1403 2438
477 182 503 217 L
512 182 530 217 Ι
537 182 642 218 mdlx
681 181 816 218 XXII.
1188 183 1238 219 95

50 283 109 319 Ex
133 281 307 330 Pelignis
336 281 479 318 Poenus
510 283 619 318 flexit
647 283 732 327 iter,
765 289 942 332 retroque
971 281 1155 330 Apuliam
1188 294 1238 317 rc·
1256 298 1269 320 7

46 357 178 395 petens
196 345 429 383 Gereonium
452 347 639 395 pervenit,
661 347 794 383 urbem
820 352 937 393 metu,
959 346 1049 395 quia
1069 345 1238 393 collapsa

46 410 168 448 ruinis
191 423 278 460 pars
306 412 491 448 moenium
525 416 619 457 erat,
649 413 697 448 ab
726 413 806 448 suis
833 412 1045 456 desertam5
1074 410 1239 447 dictator
1255 419 1270 443 8

43 473 85 509 in
106 473 289 511 larinate
307 487 399 524 agro
418 480 544 511 castra
558 475 795 512 communiit.
849 475 946 511 Inde
974 501 1117 525 nndinthe
1126 500 1239 525 nbsonco

42 550 235 575 sacrorum
269 552 383 576 causa
421 539 584 576 Romam
619 544 831 586 revocatus,
864 552 941 576 non
971 532 1110 586 32¹{'‡¹'1'{‡f{⁴
1124 531 1238 586 fflissffij

43 601 204 652 imperio
223 603 346 650 modo,
363 603 429 640 sed
449 603 608 640 consilio
627 603 744 640 etiam
765 616 807 640 ac
825 617 943 652 prope
972 593 1060 616 mand·

43 667 220 716 precibus
238 680 355 717 agens
380 680 466 704 cum
494 668 678 717 magistro
697 668 888 718 equitum,
910 673 954 705 ut
974 669 1060 717 plus
1080 668 1238 705 consilio
1254 686 1269 710 9

41 744 157 781 quam
177 731 343 769 fortunae
370 733 539 770 confidat
558 737 599 770 et
625 745 664 770 se
687 733 818 782 potius
842 733 978 770 ducem
998 746 1114 783 quam
1135 732 1238 770 Sem-

43 796 220 845 pronium
248 797 558 846 Flaminiumque
586 797 763 834 imitetur
781 811 787 834 :
819 811 868 834 ne
887 797 986 834 nihil
1006 802 1135 835 actum
1155 810 1238 835 cen-

41 866 142 906 seret
169 865 344 899 extracta
370 875 487 912 prope
512 867 644 899 aestate
673 876 742 912 per
767 862 1070 899 ludificationem
1092 862 1213 899 hostis
1225 876 1236 909 3

42 925 206 962 medicos
232 938 386 975 quoque
412 926 499 976 plus
521 927 718 963 interdum
748 927 877 976 quiete
906 940 1022 977 quam
1050 927 1238 964 movendo

41 994 157 1038 atque
172 991 318 1039 agendo
334 991 515 1039 proficere
523 1005 534 1038 ;
561 991 663 1028 haud
680 1004 836 1040 parvam
855 1004 934 1028 rem
955 1004 1034 1028 esse
1055 992 1102 1027 ab
1123 991 1238 1028 toties
1256 1009 1287 1026 ιο

44 1055 187 1091 victore
207 1055 316 1092 hoste
336 1055 440 1092 vinc-i
468 1055 608 1092 desisse
633 1060 673 1092 et
693 1056 740 1092 ab
761 1056 956 1092 continuis
981 1056 1155 1092 cladibus
1183 1068 1238 1092 re-

41 1119 350 1168 spirasse,—haec
362 1120 617 1170 nequicquam
626 1120 852 1169 praemonito
864 1120 1048 1169 magistro
1061 1120 1233 1169 equitum

44 1183 206 1221 Romam
227 1189 286 1221 est
304 1185 513 1234 profectus.

113 1248 318 1298 *Principio
337 1249 492 1297 aestatis,
515 1262 592 1299 qua
610 1250 690 1287 haec
712 1250 956 1299 gcrebantur,
979 1250 1020 1285 in
1042 1249 1236 1299 Hispania
1256 1252 1303 1288 19

42 1326 194 1363 quoque
212 1318 316 1351 terra
334 1314 508 1364 marique
523 1318 688 1364 coeptum
706 1315 850 1351 bellum
870 1319 937 1352 est.
972 1329 995 1352 A
1045 1328 1236 1364 carthagiqian

42 1378 267 1415 Hasdrubal
307 1379 357 1416 ad
398 1391 486 1416 eum
524 1379 684 1415 navium
721 1392 938 1425 numerum,
970 1359 1237 1420 ssssetthgsngiggffssffi
1254 1392 1268 1408 2

41 1455 155 1492 quem
175 1457 198 1480 a
216 1443 335 1480 statre
353 1443 588 1481 instructum
612 1447 867 1493 paratumque
886 1456 943 1479 ac—
970 1420 1128 1476 pluiebgssggth
1145 1420 1174 1444 of
1191 1421 1237 1446 the

42 1513 206 1558 ceperat,
236 1509 365 1546 decem
399 1508 540 1545 adiecit
551 1523 563 1556 3
596 1509 853 1557 quadraginta
886 1509 1044 1545 navium
1079 1509 1236 1545 classem
1254 1522 1269 1546 3

43 1573 259 1610 Himilconi
278 1573 410 1620 tradit,
433 1578 550 1623 atque
569 1573 626 1609 ita
645 1572 879 1622 Carthagine
899 1573 1093 1622 profectus
1118 1585 1237 1610 naves

43 1650 160 1687 prope
197 1642 353 1685 terram,
386 1637 599 1674 exercitum
639 1637 680 1673 in
719 1637 832 1674 litore
870 1637 1046 1683 ducebat,
1080 1640 1238 1687 paratus

43 1702 255 1752 confligere,
272 1715 501 1752 quacunque
520 1705 632 1751 parte
647 1701 843 1751 copiarum
859 1701 981 1738 hostis
997 1701 1234 1738 occurrisset.

44 1767 112 1805 Cn.
136 1767 264 1817 Scipio
282 1771 486 1817 postquam
503 1767 668 1804 movisse
688 1780 737 1804 ex
763 1767 936 1804 hibernis
961 1767 1110 1804 hostem
1131 1766 1236 1803 audi·
1254 1779 1270 1803 4

44 1833 111 1880 vit,
133 1833 258 1884 primo
270 1833 372 1871 idem
385 1834 536 1870 consilii
551 1833 629 1870 fuit
635 1847 646 1882 3
666 1832 805 1870 deinde
818 1832 947 1869 minus
962 1835 1066 1869 terra
1080 1836 1238 1882 propter

43 1898 239 1948 ingentem
255 1899 397 1936 famam
410 1911 599 1936 novorum
616 1897 850 1934 auxiliorum
867 1909 1093 1934 concurrere
1108 1908 1234 1942 ausus,

42 1964 190 2002 delecto
217 1963 342 2001 milite
371 1964 420 2001 ad
446 1976 564 2000 naves
593 1962 785 2012 imposito,
807 1961 978 2011 quinque
1008 1965 1047 1997 et
1075 1959 1238 2009 triginta
1276 2003 1278 2005 v

43 2026 202 2063 navium
221 2026 340 2063 classe
359 2026 415 2064 ire
435 2027 589 2064 obviam
608 2026 712 2063 hosti
731 2024 867 2075 pergit.
920 2024 1061 2061 Altero
1080 2024 1128 2060 ab
1147 2023 1237 2059 Tar·
1255 2036 1271 2061 ⁵

42 2102 179 2126 racone
211 2089 274 2126 die
306 2090 359 2126 ad
389 2090 596 2127 stationem
635 2090 764 2127 decem
799 2088 922 2124 millia
951 2100 1133 2137 passuum
1164 2086 1238 2123 dis-

43 2156 189 2189 tantem
223 2153 272 2189 ab
305 2152 403 2189 ostio
437 2153 580 2190 Hiberi
609 2152 734 2189 amnis
768 2151 956 2201 pervenit.
1019 2150 1119 2187 Inde
1151 2149 1237 2187 duae

42 2216 343 2254 Massiliensium
364 2217 626 2267 speculatoriae
641 2216 844 2268 praemissae
863 2215 1060 2262 rettulere,
1079 2215 1235 2251 classem

44 2280 231 2320 Punicam
250 2287 352 2319 stare
366 2283 409 2319 in
424 2282 522 2320 ostio
534 2282 707 2319 fluminis
723 2285 924 2330 castraque
938 2281 978 2317 in
999 2280 1083 2329 ripa
1098 2279 1234 2328 posita.
