1434 2402
159 174 207 210 94
681 169 736 203 L]
748 168 826 203 VII

160 278 291 306 ventos
319 282 358 305 se
386 281 464 304 csse
495 267 569 302 rati
598 266 773 314 praesidio
800 278 1003 302 excessere.
1067 265 1154 309 Qua
1186 265 1346 302 minime

156 333 280 369 densae
300 332 493 368 micabant
513 331 686 375 flammae,
707 330 816 366 velut
829 329 1067 366 tutissimum
1083 330 1158 366 iter
1171 334 1346 379 petentes

156 410 305 434 summa
324 396 515 432 montium
535 395 635 444 iuga,
652 400 782 431 tamen
801 395 843 430 in
863 394 1048 444 quosdam
1063 395 1179 431 boves
1197 394 1346 444 palatos

124 478 138 501 5
155 474 177 496 a
209 460 288 497 suis
317 459 497 509 gregibus
525 459 756 496 inciderunt.
826 459 880 495 Et
909 459 1034 508 primo
1062 471 1183 508 quum
1212 458 1345 508 procu]

156 529 365 570 cernerent,
388 524 512 561 veluti
531 524 704 560 flammas
723 524 954 573 spirantium
978 523 1164 560 miraculo
1185 523 1345 560 attoniti

126 590 439 636 econstiterunt3
469 589 608 625 deinde
635 593 680 625 ut
711 589 881 624 humana
910 588 1090 637 apparuit
1115 588 1230 634 fraus,
1260 591 1344 624 tum

156 668 245 691 vero
273 654 432 690 insidias
451 654 526 690 rati
555 666 646 700 esse,
668 666 755 689 cum
783 654 926 689 maiore
953 653 1127 689 tumultu
1150 652 1348 689 concitant

155 732 195 756 se
219 719 261 754 in
286 718 424 766 fugam.
484 717 580 754 Levi
608 730 759 767 quoque
789 722 995 754 armaturae
1023 716 1194 753 hostium
1221 716 1346 752 incur-

154 795 261 829 rere;
289 787 459 819 ceterum
478 795 557 818 nox
575 787 726 830 aequato
752 782 891 818 timore
915 786 1073 818 neutros
1092 793 1260 830 pugnam
1287 780 1345 817 in-

123 871 137 894 7
154 848 338 896 cipientes
357 847 404 883 ad
424 847 547 882 lucem
580 847 716 883 tenuit.
777 846 935 883 Interea
959 850 1043 882 toto
1063 845 1216 895 agmine
1236 845 1346 890 Han-

154 912 259 948 nibal
280 912 456 947 traducto
481 924 550 960 per
575 911 727 956 saltum,
750 915 789 947 et
814 911 1043 959 quibusdam
1069 910 1111 946 in
1135 910 1219 959 ipso
1242 909 1345 946 saltu

154 977 323 1013 hostium
342 975 542 1024 oppressis,
565 975 606 1011 in
626 988 716 1024 agro
736 975 912 1012 Allifano
931 976 1061 1024 posuit
1079 978 1214 1011 castra.

88 1045 135 1081 18
234 1040 353 1077 Hunc
373 1039 589 1077 tumultum
608 1040 730 1076 sensit
751 1040 894 1076 Fabius
911 1053 918 1076 :
943 1044 1113 1076 ceterum
1134 1042 1174 1075 et
1187 1037 1346 1076 insidias

154 1143 194 1167 ms
203 1143 317 1172 Spanish
326 1144 418 1171 troops
447 1117 527 1141 esse
549 1108 658 1141 ratus
685 1109 726 1141 et
753 1105 800 1140 ab
829 1111 1018 1141 nocturno
1046 1104 1182 1153 utique
1209 1103 1344 1140 abhor-

153 1173 240 1228 ggigffil
276 1173 418 1228 effiecifflss'
447 1182 534 1206 rens
563 1170 784 1214 certamine,
808 1182 897 1205 suos
921 1169 1174 1205 munimentis
1202 1168 1340 1206 tenuit.

122 1259 137 1276 2
153 1234 315 1259 mountains.
447 1233 550 1270 Luce
587 1233 712 1282 prima
745 1234 816 1269 sub
857 1233 947 1282 iugo
985 1233 1129 1269 montis
1165 1231 1342 1281 proelium

152 1298 239 1345 fuit,
264 1311 340 1347 quo
367 1298 616 1335 interclusam
639 1298 687 1333 ab
713 1298 792 1334 suis
818 1297 940 1334 levem
969 1302 1204 1334 armaturam
1233 1296 1344 1333 facile

155 1362 313 1412 (etenim
341 1375 502 1398 numero
532 1362 774 1410 aliqua-ntum
807 1362 1060 1411 praestabant)
1088 1360 1258 1398 Romani
1284 1373 1345 1398 su-

152 1430 358 1475 perassent,
374 1426 449 1462 m'si
471 1426 737 1475 Hispanorum
757 1426 892 1463 cohors
911 1427 960 1462 ad
980 1426 1019 1462 id
1038 1426 1166 1475 ipsum
1185 1424 1345 1462 remissa

122 1510 136 1533 3
151 1491 200 1527 ab
221 1491 446 1527 Hannibale
465 1490 760 1539 supervenisset.
805 1491 863 1527 Ea
881 1490 1070 1528 assuetior
1088 1490 1286 1528 montibus
1304 1493 1344 1527 et

152 1556 199 1592 ad
224 1556 530 1592 concursandum
555 1555 658 1592 inter
683 1569 776 1592 saxa
799 1568 990 1605 rupesque
1015 1555 1142 1605 aptior
1159 1568 1204 1592 ac
1221 1553 1344 1592 levior

152 1633 271 1669 quum
291 1619 497 1656 velocitate
523 1632 736 1669 corporum,
757 1624 842 1656 tum
862 1633 1057 1656 armorum
1075 1620 1224 1667 habitu,
1246 1632 1344 1656 cam-

152 1689 318 1733 pestrem
351 1685 510 1731 hostem,
541 1697 697 1733 gravem
730 1685 848 1722 armis
877 1686 1169 1734 statariumque,
1205 1698 1343 1734 pugnae

120 1770 134 1791 4
151 1761 288 1797 genere
307 1749 420 1785 facile
439 1748 563 1785 elusit.
622 1749 688 1786 Ita
712 1749 1012 1799 haudquaquam
1031 1751 1116 1799 pari
1134 1751 1343 1787 certamine

152 1812 321 1861 digressi,
355 1812 527 1861 Hispani
556 1812 634 1849 fere
665 1826 798 1849 omnes
825 1813 1050 1860 incolumes,
1080 1813 1250 1851 Romani
1277 1813 1344 1850 ali-

151 1879 246 1922 quot
264 1874 344 1911 suis
363 1874 510 1911 amissis
524 1875 567 1911 in
586 1879 710 1912 castra
728 1877 1021 1914 contenderunt.

120 1959 135 1983 5
234 1940 376 1976 Fabius
393 1953 545 1990 quoque
560 1941 683 1976 movit
699 1946 834 1986 castra,
849 1942 1186 1990 transgressusque
1200 1940 1342 1978 saltum

153 2019 224 2043 Both
231 2018 328 2043 armies
338 2025 416 2054 mov-e
445 2017 559 2053 super
573 2003 718 2040 Aflifas
736 2004 817 2040 loco
833 2004 911 2040 alto
931 2016 974 2040 ac
989 2003 1140 2041 munito
1159 2002 1342 2042 consedit.

121 2050 416 2111 6ffff1⁰1¹1¹5¹0¹223ffim
444 2068 542 2105 Tum
580 2080 649 2117 per
687 2067 888 2105 Samnium
926 2068 1090 2104 Romam
1130 2080 1172 2105 se
1213 2071 1344 2117 petere

153 2132 336 2169 simulans
362 2132 566 2169 Hannibal
595 2145 718 2181 usque
755 2132 797 2168 in
835 2132 1017 2181 Pelignos
1046 2132 1345 2182 populabundus

153 2195 268 2232 rediit
283 2208 295 2242 ;
323 2195 468 2232 Fabius
487 2195 637 2232 medius
662 2196 766 2232 inter
785 2195 957 2232 hostium
975 2208 1115 2244 agmen
1133 2196 1345 2244 urbemque

154 2256 318 2294 Romam
346 2258 446 2307 iugis
474 2259 648 2304 ducebat,
677 2271 746 2295 nec
773 2259 963 2296 absistens
985 2271 1056 2295 nec
1083 2257 1342 2309 congrediens,
