1403 2438
524 125 694 163 LIBER
730 125 875 163 XXII.
1222 126 1293 164 131

104 223 293 264 evadendi
318 223 507 261 absumas.
565 222 657 270 Abi,
680 222 819 259 nuntia
848 222 1000 272 publice
1028 223 1217 271 patribuS,
1237 235 1299 260 ur-
1316 240 1348 258 ιο

103 290 191 328 bem
219 288 437 326 Romanam
471 287 652 324 muniant
680 300 735 333 ac,
765 288 989 337 priusquam
1022 287 1144 324 hostis
1173 287 1299 324 victor

103 353 275 399 advenit,
309 353 499 403 praesidiis
536 352 719 399 firment3
767 353 951 401 privatim
991 352 1034 397 Q.
1078 352 1210 398 Fabio,
1250 351 1294 390 L.

102 418 309 456 AEmilium
332 421 607 467 praeceptorum
628 416 710 452 eius
730 429 936 453 memorem
957 420 996 453 et
1010 416 1153 453 vixisse
1172 417 1297 453 adhuc

101 488 142 521 et
160 482 269 520 mori.
314 482 383 519 Me
402 481 443 518 in
463 482 534 518 hac
554 485 682 530 strage
697 481 868 517 miiitum
888 493 1061 518 meorum
1083 485 1215 531 patere
1234 494 1296 519 ex·
1316 499 1345 517 n

101 549 257 598 spirare,
278 559 327 584 ne
353 550 422 583 aut
442 558 530 582 reus
558 545 700 581 iterum
726 557 746 582 e
771 545 974 582 consulatu
999 545 1070 582 sim
1097 550 1166 582 aut
1190 559 1298 583 accu-

101 616 207 649 sator
234 611 387 659 collegae
415 610 592 655 existam,
621 614 667 646 ut
694 609 821 647 alieno
849 609 1009 646 crimine
1034 610 1295 647 innocentiam

100 688 224 713 meam
256 673 486 725 protegam.”
544 673 641 711 Haec
673 686 735 711 eos
765 678 923 723 agentes
954 674 1061 723 prius
1094 675 1210 711 turba
1237 674 1295 711 fu·
1315 694 1344 712 ιι

100 740 291 790 gientium
319 739 473 785 civium,
495 738 633 775 deinde
662 738 791 775 hostes
819 751 1038 788 oppressere
1052 752 1063 786 3
1098 739 1294 777 consulem

100 805 333 854 ignorantes,
369 803 456 853 quis
486 807 595 850 esset,
631 803 791 840 obruere
820 803 918 850 telis,
949 803 1163 841 Lentulum
1190 805 1295 841 inter

101 868 315 906 tumultum
341 868 516 917 abripuit
545 880 673 917 equus.
733 868 832 904 Tum
860 868 1031 917 undique
1054 868 1173 906 effuse
1198 869 1294 918 fugi-
1316 891 1344 914 13

98 937 182 971 unt.
235 933 391 983 Septem
409 932 533 969 millia
551 932 752 969 hominum
773 932 814 968 in
835 933 985 969 minora
1005 937 1140 981 castra,
1163 933 1292 971 decem

99 998 142 1035 in
168 998 325 1044 maiora,
346 997 422 1034 duo
450 996 570 1033 ferme
599 996 641 1033 in
669 996 797 1033 vicum
827 997 955 1045 ipsum
986 997 1139 1034 Cannas
1168 997 1294 1046 perfu-

99 1066 252 1112 gerunt,
288 1061 357 1112 qui
389 1061 586 1110 extemplo
619 1073 642 1097 a
672 1060 906 1098 Carthalone
936 1065 1052 1110 atque
1083 1061 1290 1110 equitibus,

99 1126 206 1163 nullo
238 1125 483 1162 munimento
521 1128 676 1174 tegente
713 1124 854 1170 vicum,
894 1123 1150 1160 circumventi
1187 1129 1290 1163 sunt.

99 1189 243 1227 Consu]
275 1188 386 1234 alter,
415 1201 483 1225 seu
513 1188 613 1225 forte
641 1200 708 1224 seu
737 1187 896 1224 consilio
930 1188 1029 1224 nulli
1057 1188 1291 1237 fugientium
1312 1209 1340 1232 14

97 1253 266 1291 insertus
294 1252 451 1302 agmini,
473 1265 560 1289 oum
587 1253 871 1301 quinquaginta
893 1252 973 1289 fere
998 1253 1194 1302 equitibus
1214 1253 1291 1290 Ve-

97 1318 251 1356 nusiam
278 1317 458 1368 perfugit.
530 1317 797 1366 Quadraginta
826 1317 996 1366 quinque
1025 1317 1149 1354 millia
1182 1318 1289 1367 quin·
1311 1341 1340 1365 15

95 1383 204 1432 genti
222 1382 384 1432 pedites,
404 1381 480 1418 duo
501 1381 624 1418 millia
649 1381 887 1430 septingenti
906 1381 1067 1430 equites,
1088 1381 1160 1420 'ret
1178 1385 1291 1418 tanta

96 1459 214 1497 prope
233 1446 379 1483 civium
405 1446 672 1495 sociorumque
697 1458 799 1495 pars,
821 1445 907 1482 caesi
932 1446 1117 1482 <licuntur
1129 1459 1140 1494 5
1169 1446 1211 1482 in
1229 1446 1290 1483 his

95 1511 209 1548 ambo
242 1510 445 1548 consulum
480 1514 698 1560 quaestores,
734 1510 778 1547 L.
814 1509 965 1546 Atilius
998 1514 1038 1547 et
1069 1510 1112 1547 L.
1147 1510 1290 1548 Furius

96 1575 319 1623 Bibaculus,
340 1579 380 1612 et
399 1575 668 1624 undetriginta
691 1574 841 1611 tribuni
860 1575 1042 1621 militum,
1070 1575 1289 1612 consulares
1310 1582 1341 1607 16

95 1640 253 1689 quidam
272 1639 518 1689 praetoriique
538 1643 577 1676 et
595 1639 750 1676 aedilicii
771 1638 889 1689 (inter
909 1652 971 1676 eos
992 1639 1059 1676 Cn„
1079 1640 1288 1678 Servilium

95 1704 307 1742 Geminum
337 1707 377 1741 et
412 1703 467 1741 M.
502 1703 721 1740 Minucium
759 1708 977 1750 numerant,
1006 1704 1073 1753 qui
1105 1706 1289 1755 magister

94 1769 269 1818 equitum
288 1767 416 1819 priore
435 1781 548 1815 anno,
570 1768 718 1818 aliquot
737 1768 851 1805 annis
870 1773 961 1805 ante
981 1769 1112 1806 consul
1130 1770 1286 1821 fuerat),
1307 1784 1338 1808 ¹7

94 1833 292 1882 octoginta
320 1836 506 1883 praeterea
535 1837 605 1870 aut
634 1837 830 1870 senatores
859 1837 928 1870 aut
960 1833 1028 1882 qui
1060 1847 1123 1871 eos
1152 1836 1289 1885 magis-

95 1901 222 1934 tratus
241 1897 457 1947 gessissent,
474 1897 576 1934 unde
596 1898 638 1934 in
657 1902 835 1934 senatum
854 1897 930 1946 legi
949 1898 1144 1945 deberent,
1166 1912 1287 1948 quum

94 1975 165 1999 sua
183 1961 383 1999 voluntate
404 1962 548 1999 milites
567 1962 609 1999 in
629 1962 844 2012 legionibus
863 1962 957 1999 facti
975 1967 1112 2001 essent.
1163 1964 1336 2014 Oa1)ta«18

95 2039 140 2064 eo
158 2026 293 2076 proelio
318 2026 396 2063 tria
419 2027 543 2063 millia
566 2028 742 2077 peditum
762 2031 801 2066 et
820 2028 968 2078 equites
993 2029 1099 2066 mille
1118 2033 1158 2066 et
1176 2029 1286 2079 quin-

93 2090 201 2140 genti
221 2090 413 2129 dicuntur.

173 2154 272 2192 Haec
290 2159 348 2192 est
371 2168 501 2205 pugna
527 2155 751 2202 Cannensis,
772 2156 927 2194 Aliensi
953 2157 1052 2194 cladi
1078 2158 1284 2197 nobilitate
1305 2164 1354 2202 50

96 2232 173 2270 par,
194 2224 365 2258 ceterum
386 2224 430 2258 ut
448 2220 537 2268 illis,
559 2234 643 2270 quae
662 2226 750 2271 post
769 2234 939 2271 pugnam
952 2222 1131 2269 accidere,
1149 2223 1281 2271 levior,
1303 2250 1318 2267 2

1060 2297 1170 2337 9-2
