1434 2402
159 208 232 244 112
677 204 821 241 LIVII

159 317 274 341 versae
316 304 582 348 dimicationis,
627 316 739 352 quam
785 302 964 338 omnibus
1001 302 1149 338 artibus
1189 302 1341 350 petebat

127 386 139 409 3
159 369 287 413 hostis,
319 381 393 403 non
421 369 635 413 veniebant,
659 380 777 416 eoque
802 366 940 415 inopiae
959 371 1017 402 est
1036 366 1212 403 redactus
1233 365 1342 402 Han-

157 433 270 478 nibal,
304 437 357 478 ut,
388 432 463 468 nisi
491 445 578 468 cum
608 433 705 481 fugae
733 431 857 480 specie
885 431 1106 467 abeundum
1132 430 1167 467 ei
1191 430 1337 476 fuisset,

157 496 319 532 Galliam
361 497 593 545 repetiturus
631 496 758 542 fuerit,
798 495 906 532 nulla
942 494 1076 531 relicta
1108 508 1174 544 spe
1212 495 1339 531 alendi

154 560 344 596 exercitus
377 560 418 596 in
447 561 500 597 eis
529 561 631 601 loeis,
662 561 693 597 si
722 560 968 609 insequentes
996 559 1170 596 consules
1197 559 1337 596 eisdem

153 624 302 661 artibus
321 625 464 662 bellum
484 630 673 675 gererent.

235 689 362 733 Quum
392 690 439 725 ad
470 689 703 726 Gereonium
735 689 811 725 iam
842 689 967 725 hieme
997 688 1230 737 impediente
1256 700 1338 724 con-

154 762 282 797 Neapolis
339 763 416 799 sends
446 754 609 790 stitisset
621 753 1035 801 bellum‚Neapolitani
1049 752 1337 801 legatiRomam

151 793 364 854 {islzizlzlldlsslg-ln
367 801 417 818 1ses
446 832 593 855 venere.
658 819 722 854 Ab
752 819 798 854 iis
826 817 1083 866 quadraginta
1110 821 1252 866 paterae
1276 829 1339 854 au-

154 894 225 918 reae
253 883 382 931 magni
411 883 589 931 ponderis
618 883 659 918 in
688 882 832 919 curiam
861 882 978 918 illatae
1008 886 1124 931 atque
1147 881 1204 918 ita
1222 882 1340 918 verba
1369 919 1372 923 ,

129 946 262 992 5facta‚
292 951 336 982 ut
361 947 542 993 dicerent,
570 947 666 984 scire
692 960 782 993 sese,
812 946 944 996 populi
968 946 1136 984 Romani
1161 946 1336 983 aerarium

154 1010 252 1046 bello
281 1011 489 1057 exhauriri,
521 1016 569 1058 et,
601 1025 720 1061 quum
751 1012 864 1048 iuxta
888 1024 956 1060 pro
982 1011 1143 1047 urbibus
1162 1011 1338 1060 agrisque

153 1076 340 1111 sociorum
360 1089 402 1112 ac
422 1089 490 1125 pro
509 1077 634 1126 capite
651 1081 767 1125 atque
782 1089 868 1112 arce
885 1075 1022 1120 Italiae,
1039 1076 1134 1112 urbe
1149 1075 1335 1121 Romana,

122 720 136 742 4

122 1152 136 1174 6
153 1143 269 1188 atque
295 1139 455 1189 imperio
474 1145 640 1190 geratur,
663 1153 813 1189 aequum
834 1141 1026 1176 censuisse
1046 1139 1335 1189 Neapolitanos,

153 1204 256 1252 quod
283 1205 366 1240 auri
396 1205 468 1241 sibi
494 1218 614 1254 quum
638 1206 686 1241 ad
710 1205 943 1254 templorum
969 1207 1160 1250 ornatum,
1182 1210 1266 1240 tum
1290 1204 1337 1240 ad

153 1268 366 1304 subsidium
396 1270 559 1306 fortunae
589 1284 611 1305 a
640 1269 848 1305 maioribus
878 1268 1055 1305 relietum
1076 1267 1190 1314 foret,
1214 1281 1258 1304 eo
1280 1267 1337 1304 iu-

122 1353 135 1375 7
152 1345 243 1368 vare
271 1334 455 1382 populum
485 1334 716 1371 Romanum.
775 1333 816 1369 Si
836 1346 951 1382 quam
972 1346 1081 1382 opem
1101 1332 1142 1369 in
1161 1345 1242 1369 sese
1261 1345 1337 1369 cre-

153 1397 297 1443 derent,
333 1398 465 1434 eodem
497 1399 626 1434 studio
659 1398 775 1435 fuisse
803 1399 1008 1434 oblaturos.
1068 1397 1232 1434 Gratum
1261 1397 1335 1433 sibi

152 1465 278 1509 patres
308 1462 503 1499 Romanos
531 1463 792 1512 populumque
822 1463 1026 1508 facturum,
1057 1462 1091 1498 si
1118 1474 1250 1499 omnes
1278 1475 1338 1499 res

120 1541 133 1564 s
153 1525 496 1575 Neapolitanorum
512 1540 599 1564 suas
612 1528 824 1572 duxissent,
840 1527 1053 1576 dignosque
1067 1526 1335 1571 iudicaverint,

151 1591 199 1626 ab
228 1591 367 1639 quibus
396 1592 540 1628 donum
569 1593 697 1629 animo
721 1605 763 1629 ac
789 1592 992 1628 voluntate
1020 1604 1164 1638 eorum,
1193 1591 1261 1641 qui
1293 1591 1336 1627 li-

153 1655 285 1691 bentes
313 1656 460 1703 darent,
491 1670 604 1706 quam
632 1670 671 1694 re
694 1657 817 1694 maius
841 1656 1080 1705 ampliusque
1108 1656 1334 1705 acciperent.

119 1733 134 1757 9
151 1719 304 1768 Legatis
330 1722 462 1769 gratiae
486 1726 578 1758 actae
599 1735 667 1771 pro
683 1722 950 1759 munificentia
969 1734 1136 1770 curaque
1150 1734 1161 1768 3
1190 1724 1334 1770 patera,

151 1796 234 1832 quae
253 1785 431 1832 ponderis
452 1785 602 1822 minimi
622 1786 708 1833 suit,
730 1790 894 1836 accepta.

85 1844 131 1881 33
231 1848 307 1884 Per
344 1850 494 1886 eosdem
528 1851 607 1887 dies
646 1851 860 1900 speculator
895 1849 1233 1899 Carthaginiensis,
1268 1849 1336 1898 qui

150 1942 236 1967 Rome
257 1943 279 1968 is
302 1945 350 1968 not
367 1945 412 1968 too
442 1927 509 1964 per
527 1915 726 1952 biennium
751 1915 952 1962 fefellerat,
975 1914 1109 1951 Romae
1128 1913 1337 1963 deprensus

117 1993 132 2009 2
149 1974 236 2033 {3332}ss
248 1974 415 2029 wfflrsttssaffgffi
443 1980 684 2028 praecisisque
722 1980 900 2016 manibus
938 1979 1128 2025 dimissus,
1167 1983 1207 2014 et·
1234 1977 1336 2014 servi

148 2035 413 2096 Qffihasn‘ffl‘mfflgg
441 2043 611 2092 quinque
639 2050 678 2080 et
709 2044 848 2093 viginti
877 2044 918 2080 in
946 2056 1096 2080 crucem
1121 2043 1210 2090 acti,
1234 2042 1336 2091 quod

149 2094 177 2117 of
189 2095 349 2120 Macedonia
359 2097 412 2120 and
444 2107 451 2113 ·
811 2110 817 2116 -
958 2109 964 2116 ·
1163 2121 1170 2128 ,
1219 2107 1227 2114 ·
1289 2107 1296 2114 ·
1325 2106 1333 2114 ·

150 2125 250 2160 illyria,
275 2127 329 2161 apd
355 2127 412 2151 also
440 2120 482 2142 ln
521 2120 654 2156 campo
700 2108 844 2145 Martio
882 2112 1148 2145 comurassent
1160 2137 1170 2155 ,
1216 2106 1335 2143 mdlcl

149 2156 193 2179 ‘he
206 2156 353 2185 hgumns‘
438 2171 530 2207 data
548 2172 705 2209 libertas
725 2177 764 2209 et
786 2174 871 2209 aeris
889 2173 1018 2222 gravis
1038 2172 1178 2221 viginti
1201 2171 1333 2208 millia.

117 2248 131 2271 3
151 2230 285 2279 Legati
314 2236 352 2267 et
381 2234 427 2268 ad
459 2233 683 2283 Philippum
714 2234 969 2271 Macedonum
999 2247 1126 2284 regem
1154 2233 1263 2270 missi
1287 2233 1333 2270 ad

149 2295 427 2343 deposcendum
463 2298 706 2334 Demetrium
742 2299 940 2346 Pharium,
976 2299 1043 2349 qui
1075 2299 1177 2336 bello
1209 2297 1336 2335 victus
