1434 2402
144 99 218 136 130
663 91 813 128 LIVII

107 207 124 233 ⁵
141 191 353 228 tumultum
380 189 563 225 fecerunt.
623 186 753 231 Quum
774 185 872 222 alibi
898 188 1024 222 terror
1048 197 1092 222 ac
1115 184 1218 233 fuga,
1238 183 1332 222 alibi

140 255 321 304 pertinax
347 253 389 290 in
414 251 516 289 mala
543 251 620 288 iam
650 263 716 299 spe
744 249 923 299 proelium
953 252 1064 296 esset,
1091 249 1329 296 Hasdrubal,

140 318 207 367 qui
226 331 270 355 ea
288 321 398 366 parte
410 318 584 365 praeerat,
601 315 809 351 subductos
825 326 874 350 ex
888 313 1015 350 media
1029 312 1110 350 acie
1123 312 1330 360 Numidas,

139 382 230 432 quia
259 381 385 429 segnis
418 391 549 416 eorum
578 391 665 415 cum
694 377 864 414 adversis
892 390 1023 426 pugna
1051 380 1146 425 erat,
1172 376 1222 414 ad
1248 389 1332 426 per-

106 455 122 480 6
139 445 352 495 sequendos
377 443 519 492 passim
545 442 736 491 fugientes
761 441 897 488 mittit,
919 441 1119 490 Hispanos
1138 445 1178 478 et
1198 440 1331 479 Gallos

139 509 287 559 equites
305 508 417 545 Afris
437 520 554 558 prope
573 507 650 543 iani
670 506 781 543 fessis
800 506 900 543 caede
923 506 1045 556 magis
1064 519 1177 556 quam
1199 519 1330 556 pugna

139 573 327 622 adiungit.

68 636 117 674 49
218 638 336 675 Parte
355 637 477 674 altera
496 650 633 686 pugnze
646 636 804 682 Paulus,
819 648 1039 685 quanquam
1053 636 1178 686 primo
1196 636 1329 674 statim

103 728 118 744 2
136 717 191 743 and
240 717 400 747 completeiy
428 702 562 751 proelio
581 701 702 737 funda
724 700 896 750 graviter
918 701 1019 737 ictus
1038 701 1175 747 fuerat,
1195 704 1329 738 tamen

136 748 259 773 defeated
275 749 336 771 with
355 749 400 772 the
625 765 632 772 .
1059 765 1066 772 .
1236 766 1244 773 .
1317 766 1326 773 .

136 779 191 803 loss
200 779 227 803 of
235 779 338 803 Paulus
347 778 401 802 and
429 771 469 803 et
488 770 655 803 occurrit
674 778 772 814 saepe
795 778 879 802 cum
906 765 1089 802 confertis
1109 765 1330 803 Hanniball

135 810 229 870 231¹&
271 809 307 833 au
355 809 401 833 me
430 837 468 867 et
490 829 639 879 aliquot
666 829 758 866 locis
786 830 966 879 proelium
993 830 1178 876 restituit,
1203 833 1329 879 prote-

103 913 117 937 3
135 897 316 945 gentibus
345 907 434 931 eum
467 893 662 943 equitibus
705 893 902 940 Romanis,
940 893 1090 930 omissis
1134 898 1328 943 postremo

135 959 255 1009 equis,
276 959 367 1009 quia
385 958 578 996 consulem
599 961 638 994 et
656 958 705 994 ad
723 957 934 1006 regendum
955 970 1098 1007 equum
1116 957 1219 995 vires
1238 957 1328 995 defi-

136 1024 296 1061 ciebant.
354 1023 453 1060 Tum
481 1021 725 1059 renuntianti
753 1022 917 1068 cuidam,
948 1022 1103 1059 iussisse
1130 1022 1327 1059 consulein

134 1089 184 1125 ad
211 1088 326 1138 pedes
356 1087 581 1125 descendere
610 1087 770 1136 equites,
803 1086 946 1123 dixisse
977 1086 1244 1123 Hannibalem
1274 1087 1327 1124 fe-

101 1170 116 1193 4
134 1155 250 1190 runt:
283 1154 304 1171 ‘⁴
319 1151 444 1196 Quam
471 1149 636 1196 mallem,
657 1149 809 1186 vinctos
829 1148 926 1184 mihi
945 1148 1150 1186 traderet.’'
1207 1148 1326 1198 Equi-

133 1222 218 1253 tum
238 1216 413 1265 pedestre
440 1214 628 1264 proelium,
651 1214 764 1263 quale
789 1214 867 1250 iam
896 1213 1000 1250 haud
1019 1213 1136 1250 dubia
1155 1213 1324 1250 hostium

132 1280 306 1326 victoria,
322 1280 409 1326 fuit,
426 1292 546 1328 quum
562 1278 658 1315 victi
677 1278 775 1314 mori
793 1278 836 1314 in
851 1279 1012 1327 vestigio
1027 1278 1190 1314 mallent
1208 1291 1324 1328 quam

132 1346 274 1394 fugere,
291 1344 458 1381 victores
477 1343 719 1379 morantibus
741 1342 941 1379 victoriam
961 1341 1053 1378 irati
1071 1341 1323 1389 trucidarent,

101 1426 115 1449 5
135 1423 228 1460 quos
260 1408 403 1458 pellere
432 1420 511 1444 non
543 1410 735 1456 poterant.
808 1407 1052 1456 Pepulerunt
1084 1410 1218 1443 tamen
1246 1406 1324 1443 iam

132 1487 274 1524 paucos
294 1477 520 1523 superantes
541 1476 581 1510 et
600 1472 731 1509 labore
751 1484 795 1509 ac
809 1471 1036 1509 vulneribus
1056 1472 1181 1509 fessos.
1225 1471 1324 1509 Inde

132 1538 310 1588 dissipati
328 1550 460 1575 omnes
479 1541 581 1584 sunt,
604 1549 797 1586 equosque
817 1537 863 1573 ad
887 1536 1029 1585 fugam,
1045 1536 1114 1585 qui
1131 1539 1322 1586 poterant,

98 1613 114 1638 6
132 1604 367 1654 repetebant.
440 1603 509 1641 Cn.
547 1602 739 1638 Lentulus
778 1602 960 1638 tribunus
992 1601 1164 1638 militum
1202 1614 1324 1650 quum

130 1668 416 1718 praetervehens
439 1679 537 1716 equo
562 1667 760 1703 sedentem
780 1665 823 1702 in
845 1679 938 1702 saxo
965 1678 1100 1703 cruore
1125 1666 1324 1715 oppletum

98 1744 113 1768 7
132 1733 324 1770 consulem
344 1732 515 1778 vidisset,
541 1731 617 1768 “L.
640 1730 814 1767 AEmili2'
847 1730 987 1779 inquit,
1021 1732 1170 1779 “quem
1199 1743 1324 1766 unum

130 1796 323 1833 insontem
353 1795 473 1845 culpae
500 1796 618 1833 cladis
643 1795 839 1831 hodiernae
865 1794 928 1831 dei
952 1793 1139 1843 respicere
1167 1793 1321 1840 debent,

131 1874 221 1910 cape
241 1861 344 1897 hunc
370 1873 524 1910 equum,
546 1860 638 1897 dum
658 1863 698 1896 et
716 1859 791 1896 tibi
810 1859 954 1895 virium
973 1858 1123 1908 aliquid
1148 1862 1323 1907 superest

96 1941 111 1965 8
130 1933 162 1963 ec
182 1938 306 1962 comes
326 1937 395 1974 ego
415 1930 454 1961 te
473 1924 607 1961 tollere
627 1936 781 1974 possum
802 1936 845 1960 ae
865 1927 1072 1972 protegere.
1114 1922 1179 1959 Ne
1196 1922 1323 1959 funes-

130 1994 211 2026 tam
239 1990 338 2026 hanc
363 2002 531 2038 pugnam
561 1992 685 2025 morte
711 1987 877 2025 consulis
903 1988 1063 2035 feeeris3
1093 1987 1211 2024 etiam
1238 1986 1322 2023 sine

95 2069 111 2094 9
131 2054 201 2090 1100
215 2054 461 2090 lacrimarum
477 2053 570 2090 satis
582 2053 787 2102 luctusque
802 2052 894 2090 est.''
920 2052 989 2089 Ad
1004 2066 1047 2089 ea
1059 2052 1210 2089 consul:
1233 2051 1322 2088 “Tu

131 2118 296 2167 quidem,
330 2118 398 2156 Cn.
435 2117 601 2163 Corneli,
635 2122 760 2154 macte
792 2117 939 2154 virtute
969 2121 1051 2154 esto
1066 2130 1077 2164 3
1116 2116 1184 2153 sed
1215 2128 1319 2161 cave,

129 2182 274 2220 fmstra
292 2182 508 2219 miserando
528 2182 710 2231 exiguum
732 2186 884 2231 tempus
904 2195 923 2219 e
945 2181 1126 2218 manibus
1148 2179 1320 2218 hostium
