1403 2438
523 124 553 160 L
561 124 584 160 I
585 124 692 161 BER
729 123 840 162 XXI.
1223 122 1271 160 39

89 224 224 271 posset.
282 220 437 257 Natura
455 221 559 258 locus
586 221 660 258 iam
688 226 778 258 ante
801 233 967 271 praeceps
992 219 1137 257 recenti
1163 219 1272 268 lapsu
1292 234 1307 251 2

89 289 198 322 terme
218 285 259 321 in
278 285 417 333 pedum
444 285 550 322 mille
577 286 783 322 admodum
809 285 1057 322 altitudinem
1084 285 1272 333 abruptus

87 353 179 388 erat.
216 349 278 386 Ibi
293 362 411 398 quum
429 349 536 386 velut
550 350 598 387 ad
618 351 732 387 finem
746 350 817 386 vire
832 350 980 399 equites
1008 358 1149 388 mpeciauy
1185 357 1272 382 where
1290 366 1305 390 3

1008 390 1135 413 theti-acl<
1144 387 1196 412 had
1206 388 1271 411 been

86 413 359 460 constitissent,
380 413 538 450 miranti
562 413 790 459 Hannibali,
811 426 894 462 qua,¹
921 427 979 449 res
1007 419 1210 478 gzxrrlifff(15=¹¹i=;ay
1219 418 1272 472 ”¹133

88 481 302 515 mom-‘etur
331 490 479 526 agmen,
510 477 727 522 nuntiatur,
756 490 891 526 rupem
924 477 978 514 in-
1007 480 1272 534 ¹53³:55204310g4‘ffifss'ggss

89 542 188 597 viam
209 555 298 580 esse,
357 542 562 590 Digressus
587 541 726 578 deinde
750 542 831 590 ipse
856 541 903 577 ad
929 541 979 577 lo·
1007 547 1087 565 ΜΝ*

85 619 172 643 cum
197 606 411 644 visendum.
470 605 590 642 Haud
616 606 735 642 dubia
758 619 818 644 res
837 606 928 654 visa,
950 605 1043 654 quin
1070 617 1138 654 per
1166 603 1272 640 invia
1289 621 1305 644 4

86 670 185 707 circa
209 682 279 707 nec
307 670 403 707 trita
430 675 556 716 antea,
578 670 755 719 quamvis
782 670 896 718 longo
924 669 1084 715 ambitu,
1115 669 1273 706 circum-

86 725 243 771 duceret
261 729 416 783 ‘agmen
474 733 534 770 Ea
552 746 643 775 vero
668 734 732 770 via
756 734 1025 782 insuperabilis
1053 733 1128 769 fuit
1144 746 1154 779 3
1182 745 1270 768 nam
1290 753 1305 778 5

87 811 206 848 quum
225 811 338 848 super
352 803 519 835 veterem
539 798 669 835 nivem
689 798 873 836 intactam
895 811 995 834 nova
1013 797 1169 834 modicae
1188 796 1273 833 alti-

87 862 234 899 tudinis
252 867 362 909 esset,
383 862 490 899 molli
510 875 579 898 nec
598 863 764 911 praealtae
789 862 900 898 facilc
926 862 1040 911 pedes
1059 860 1274 910 ingredien-

86 926 184 963 tium
203 926 436 963 insistebant
445 940 456 973 3
479 930 524 962 ut
538 939 628 962 vero
648 931 707 962 tot
721 926 919 962 hominum
935 927 1271 974 iumentorumque
1288 937 1305 962 6

85 992 234 1028 incessu
253 990 401 1039 dilapsa
422 994 490 1036 est,
512 1003 580 1039 per
602 990 746 1026 nudam
772 990 872 1026 infra
892 990 1052 1038 glaciem
1071 990 1271 1026 fluentem-

84 1068 159 1105 que
186 1056 315 1092 tabem
348 1054 595 1103 liquescentis
623 1054 725 1091 nivis
753 1054 1078 1103 ingrediebantur.
1144 1055 1272 1098 Taetra
1289 1068 1305 1092 7

84 1119 139 1157 ibi
168 1119 328 1156 luctatio
361 1123 454 1165 erat,
487 1116 548 1170 [ut
573 1116 610 1170 a]
638 1118 786 1155 lubrica
812 1119 932 1167 glacie
958 1132 1036 1155 non
1063 1118 1272 1168 recipiente

83 1183 290 1233 vestigium
323 1187 362 1220 et
390 1183 433 1219 in
464 1195 584 1232 prono
616 1183 730 1219 citius
767 1183 883 1232 pedes
912 1183 1081 1229 fallente,
1115 1187 1172 1230 ut,
1204 1196 1272 1220 seu

83 1248 261 1285 manibus
288 1247 330 1284 in
352 1247 583 1296 assurgendo
611 1260 678 1284 seu
706 1260 807 1296 genu
835 1260 874 1284 se
902 1247 1152 1292 adiuvissent,
1176 1247 1272 1296 ipsis

83 1311 327 1349 adminiculis
359 1311 548 1361 prolapsis
581 1311 722 1347 iterum
756 1315 978 1348 corruerent
991 1325 1002 1358 3
1034 1324 1104 1348 nec
1132 1311 1272 1360 stirpes

83 1376 185 1413 circa
202 1375 407 1422 radicesve,
428 1375 476 1411 ad
496 1387 590 1424 quas
610 1375 704 1423 pede
724 1378 793 1411 aut
810 1387 929 1411 manu
952 1375 1154 1424 quisquam
1175 1375 1272 1411 eniti

84 1444 223 1488 posset,
243 1442 354 1476 erant
366 1451 378 1485 3
406 1439 462 1475 ita
481 1438 522 1475 in
541 1439 618 1475 levi
637 1443 792 1474 tantum
813 1438 934 1487 glacie
953 1438 1160 1488 tabidaque
1180 1438 1271 1475 nive

85 1503 372 1540 volutabantur.
428 1502 610 1539 Iumenta
638 1503 819 1539 secabant
845 1501 1041 1538 interdum
1069 1502 1187 1538 etiam
1215 1503 1270 1538 in-
1287 1509 1303 1534 8

84 1569 213 1605 fimam
233 1567 491 1616 ingredientia
504 1566 646 1613 nivem,
663 1572 702 1602 et
722 1566 899 1615 prolapsa
913 1566 1101 1604 iactandis
1116 1567 1270 1616 gravius

84 1631 127 1668 in
158 1631 390 1669 connitendo
421 1631 578 1679 ungulis
609 1631 766 1679 penitus
792 1630 1092 1679 perfringebant,
1123 1636 1168 1668 ut
1194 1632 1271 1681 plc-

83 1708 203 1746 raque
221 1695 331 1732 velut
348 1695 482 1744 pedica
504 1699 616 1744 capta
637 1694 827 1731 haererent
849 1695 892 1731 in
914 1695 1011 1731 dura
1029 1699 1068 1731 et
1086 1695 1163 1733 alte
1186 1709 1270 1732 con-

84 1764 189 1797 creta
216 1759 347 1809 glacie.
389 1766 395 1802 ι
417 1759 601 1806 Tandem,
640 1759 895 1809 nequicquam
934 1760 1118 1797 iumentis
1153 1763 1270 1809 atque
1288 1761 1337 1799 3¹7

83 1823 304 1861 hominibus
321 1823 506 1872 fatigatis,
526 1827 651 1860 catstra
669 1823 710 1859 in
731 1824 821 1872 iugo
839 1823 975 1873 posita,
1006 1854 1031 1878 A
1042 1860 1072 1878 ro
1073 1853 1107 1878 ad
1125 1854 1147 1878 is
1164 1854 1270 1879 cleared

84 1888 279 1937 aegerrime
303 1888 353 1926 ad
370 1888 411 1925 id
429 1887 555 1937 ipsum
580 1888 663 1925 loco
685 1891 869 1937 purgato3
894 1892 978 1924 tan·
1004 1885 1270 1945 ffiffl'fgfflggigssgssg
1290 1925 1294 1931 ,

84 1955 169 1989 tum
201 1951 304 1989 nivis
334 1952 557 1989 fodiendum
589 1955 708 2001 atque
745 1951 976 2000 egerendum
1003 1946 1060 1974 ἧκ’

84 2015 171 2053 fuit.
228 2015 326 2053 Inde
343 2016 392 2053 ad
411 2028 544 2065 rupem
563 2015 825 2062 muniendam,
846 2028 914 2064 per
932 2027 1049 2065 quam
1066 2028 1185 2053 unam
1205 2016 1268 2054 via
1285 2040 1301 2057 2

84 2092 166 2118 esse
189 2083 351 2129 poterat,
371 2080 514 2117 milites
539 2080 658 2127 ducti,
679 2093 800 2129 quum
825 2080 1046 2116 caedendum
1066 2084 1165 2116 esset
1183 2093 1266 2118 sax-

83 2157 162 2190 um,
182 2144 382 2180 arboribus
400 2144 500 2181 circa
517 2143 753 2181 immanibus
777 2143 935 2181 deiectis
954 2143 1268 2194 detruncatisque

84 2212 230 2247 struem
258 2208 454 2258 ingentem
481 2208 673 2258 lignorum
702 2208 861 2255 faciunt,
883 2220 1054 2258 eamque,
1077 2221 1197 2258 quum
1227 2213 1269 2247 et
