1403 2438
478 237 648 274 LIBER
686 236 826 273 XXII.
1170 236 1243 271 113

59 339 104 374 ad
132 350 216 374 eum
242 337 412 385 fugisset,
434 340 473 372 et
496 335 561 371 alii
591 335 630 371 in
657 335 820 383 Ligures
839 335 887 370 ad
908 334 1244 383 expostulandum,
1264 353 1278 376 ⁴

58 402 159 451 quod
191 401 353 437 Poenum
383 400 519 449 opibus
547 399 780 447 auxiliisque
806 399 883 434 suis
909 398 1109 443 iuvissent,
1131 397 1244 433 simul

58 466 105 502 ad
126 466 326 502 visendum
348 478 395 501 ex
416 465 641 514 propinquo,
659 476 742 512 quae
762 464 802 499 in
823 463 928 499 Boiis
948 467 1063 512 atque
1077 461 1246 499 Insubri-

59 530 129 566 bus
147 535 381 578 gererentur.
441 528 506 564 Ad
528 528 691 564 Pineum
713 540 864 576 quoque
880 539 1007 576 regem
1028 527 1068 563 in
1091 526 1246 575 Illyrios
1265 546 1278 570 5

59 594 173 643 legati
202 594 308 630 missi
337 594 384 630 ad
413 592 660 642 stipendium,
685 592 793 628 cuius
813 592 893 627 dies
913 593 1072 633 exierat,
1094 604 1246 640 poscen-

58 658 148 695 dum
178 663 256 702 aut,
291 658 320 693 si
350 658 449 693 (116111
481 656 642 706 proferri
669 656 798 701 vellet,
820 656 969 692 obsides
995 656 1242 704 accipiendos.

58 723 179 768 Adeo,
215 722 286 759 etsi
322 722 464 758 bellum
500 722 635 770 ingens
667 721 707 756 in
737 721 949 757 cervicibus
978 724 1070 767 erat,
1102 720 1247 757 nullius
1265 730 1280 754 6

57 800 219 836 usquam
252 792 439 823 terrarum
480 786 535 822 rei
572 799 663 822 cura
702 785 907 829 Romanos,
949 798 997 821 ne
1027 785 1246 833 longinquae

57 851 225 900 quidem,
252 850 470 899 effugiebat.
530 850 578 886 In
606 850 827 898 religionem
849 850 964 886 etiam
987 851 1107 894 venit,
1128 850 1245 885 aedem
1265 871 1279 894 7

57 915 286 959 Concordiae,
327 927 441 964 quam
480 927 548 963 per
585 914 813 950 seditionem
848 913 1054 950 militarem
1089 913 1245 950 biennio

56 985 146 1017 ante
174 979 215 1017 L.
249 979 421 1016 Manlius
447 984 588 1028 praetor
606 979 647 1014 in
668 978 797 1015 Gallia
817 979 994 1024 vovisset,
1017 978 1179 1014 locatam
1200 978 1247 1014 ad

57 1045 95 1081 id
127 1049 278 1093 tempus
311 1057 389 1080 non
420 1057 508 1081 esse.
569 1043 709 1092 Itaque
740 1043 938 1079 duumviri
972 1043 1019 1078 ad
1053 1055 1135 1078 eam
1168 1055 1278 1083 rems

57 1110 174 1146 creati
209 1122 232 1145 a
265 1109 320 1144 M.
354 1108 518 1144 AEmilio
550 1112 711 1156 praetore
749 1108 908 1153 urbano,
942 1107 981 1144 O.
1018 1107 1167 1155 Pupius
1205 1112 1244 1143 et

58 1173 163 1210 C'aeso
191 1172 396 1218 Quinctius
424 1172 681 1218 Flamininus,
713 1172 831 1208 aedem
860 1172 901 1207 in
925 1184 1010 1207 arce
1031 1171 1245 1207 faciendam

58 1238 288 1275 locaverunt.

111 1304 115 1308 '
136 1302 201 1338 Ab
220 1301 352 1338 eodem
372 1305 534 1350 praetore
561 1314 609 1337 ex
635 1304 791 1337 senatus
823 1300 997 1336 consulto
1030 1299 1170 1335 litterae
1200 1300 1249 1336 ad
1268 1317 1285 1341 9

57 1367 228 1404 6011311163
258 1367 391 1412 missae,
413 1370 468 1411 ut,
491 1367 522 1402 si
551 1366 599 1402 iis
624 1365 830 1410 videretur,
853 1365 952 1401 alter
979 1379 1036 1403 Tne
1056 1379 1164 1407 consuls
1183 1386 1244 1403 can-

980 1413 1028 1434 not
1043 1412 1137 1434 return
1148 1410 1189 1433 for
1201 1410 1246 1434 the

57 1444 186 1468 eorum
217 1431 265 1467 ad
293 1430 466 1467 consules
488 1430 670 1466 creandos
698 1429 860 1465 Romam
890 1441 952 1465 ve·
980 1440 1246 1501 ξιῗοιῑᾳηεέἑιὲἓῗέἓ-

993 1478 1107 1495 aon-isa
1164 1478 1170 1493 1
1239 1489 1245 1500 ‚

59 1498 178 1541 niret;
220 1508 259 1531 se
284 1495 326 1531 in
355 1507 438 1530 eam
458 1495 572 1541 diem,
594 1507 709 1543 quam
740 1494 950 1540 iussissent,
981 1500 1246 1562 ῗέἳέἑὲξτνξξᾱεὲἐϊ

58 1560 214 1596 comitia
244 1559 470 1596 edicturum.
532 1558 595 1594 Ad
628 1558 708 1594 haec
734 1571 758 1594 α
790 1557 951 1594 601131111-
979 1570 1102 1593 purpose·
1267 1576 1298 1592 ιο

62 1624 133 1660 bus
166 1623 404 1672 rescriptum,
437 1623 520 1659 sine
550 1622 783 1658 detrimento
813 1622 868 1657 rei
903 1621 1064 1670 publicae
1097 1621 1247 1657 abscedi

58 1701 136 1724 non
168 1700 276 1737 posse
308 1688 356 1724 ab
389 1687 527 1734 hoste3
569 1687 700 1735 itaque
733 1699 800 1735 per
832 1686 1062 1735 interregem
1094 1685 1247 1722 comitia

60 1753 234 1790 habenda
253 1765 333 1790 esse
351 1752 490 1802 potius,
512 1764 627 1801 quam
647 1751 780 1788 consul
799 1751 898 1787 alter
916 1763 938 1786 a
957 1750 1058 1787 bello
1077 1763 1248 1786 avocare-

61 1822 134 1855 tur.
193 1817 376 1854 Patribus
395 1817 536 1853 rectius
554 1816 680 1853 visum
697 1819 765 1861 est,
787 1815 1014 1852 dictatorem
1044 1828 1066 1851 a
1094 1815 1248 1852 consule
1269 1835 1295 1850 ιι

59 1882 135 1918 dici
159 1882 401 1918 comitiorum
425 1881 689 1917 habendorum
714 1893 835 1917 causa.
894 1879 1034 1916 Dictus
1060 1880 1102 1916 L.
1126 1879 1248 1916 Vetu-

60 1946 140 1983 rius
181 1946 295 1982 Philo
332 1945 398 1982 M'.
440 1945 698 1994 Pomponium
747 1944 974 1981 Mathonem
1020 1945 1247 1993 magistrum

59 2011 234 2060 equitum
253 2010 364 2047 dixit.
423 2010 478 2046 Iis
507 2010 605 2046 vitio
634 2009 772 2046 creatis
800 2009 989 2058 iussisque
1017 2008 1080 2045 die
1109 2012 1248 2057 quarto
1269 2031 1298 2048 η

59 2075 205 2112 (1661ωο
242 2087 281 2111 36
314 2075 541 2123 magistratu
574 2074 761 2120 abdicare,
801 2074 848 2110 ad
887 2074 1152 2122 interregnum
1190 2086 1248 2109 res

60 2139 183 2177 rediit.
244 2138 476 2176 Consulibus
506 2143 752 2188 prorogatum
783 2139 825 2174 in
854 2151 999 2175 annum
1028 2137 1244 2187 imperium.
1268 2143 1318 2181 34

62 2204 280 2253 Interreges
309 2203 452 2252 proditi
480 2207 573 2240 sunt
603 2217 626 2239 a
654 2203 829 2252 patribus
856 2203 896 2240 O.
929 2202 1114 2240 Claudius
1141 2201 1244 2250 App.

62 2269 163 2305 filius
182 2267 314 2315 Cento,
337 2267 427 2304 inde
458 2267 501 2304 P.
525 2267 727 2304 Cornelius
745 2268 884 2304 Asina.
942 2266 991 2303 In
1021 2266 1103 2303 eius
1132 2267 1250 2302 inter-

59 2345 177 2383 regno
213 2332 368 2370 comitia
413 2332 547 2369 habita
592 2345 731 2381 magno
768 2332 977 2369 certamine
1014 2334 1169 2380 patrum
1206 2344 1250 2368 ac

176 2417 264 2438 nr.
1110 2407 1136 2438 8
