1434 2402
140 207 211 242 116
658 202 802 238 LIVII

107 319 121 335 ²
138 307 282 339 certum
314 302 501 337 affirmare
527 313 642 335 ausus
670 299 751 335 sim.
812 298 953 334 Decem
985 298 1107 334 millia
1134 311 1321 335 novorum

137 366 304 402 militum
327 365 391 399 alii
413 365 553 412 scripta
581 364 619 398 in
644 363 967 412 supplementum,
990 362 1057 399 alii
1077 376 1197 399 novas
1215 367 1323 412 quat-

107 443 121 465 3
137 434 225 465 tuor
245 429 419 477 legiones,
443 433 487 463 ut
506 432 590 464 octo
610 428 825 477 legionibus
845 440 924 464 rem
943 432 1139 476 gererent3
1163 439 1324 464 numero

139 505 288 541 quoque
314 492 485 541 peditum
515 492 766 541 equitumque
795 491 962 540 legiones
990 496 1131 538 auctas,
1153 492 1326 528 millibus

139 557 310 606 peditum
342 562 381 593 et
409 557 580 593 centenis
600 556 795 605 equitibus
824 556 865 592 in
894 556 1063 605 singulas
1090 556 1259 602 adiectis,
1282 560 1327 593 ut

139 621 255 669 quina
297 621 419 657 millia
466 620 648 669 peditum,
688 621 834 656 treceni
871 620 1020 670 equites
1059 625 1194 667 essent,
1233 620 1326 658 socii

139 685 328 734 duplicem
352 699 553 722 numerum
580 685 752 734 equitum
782 685 930 731 darent,
951 685 1092 734 peditis
1116 689 1324 735 aequarent,

106 765 120 786 ⁴
139 755 284 797 septem
312 754 350 785 et
378 749 572 798 octoginta
591 749 713 785 millia
741 753 976 785 armatorum
1006 753 1046 785 et
1074 749 1258 786 ducentos
1286 750 1328 786 in

139 813 273 849 castris
295 813 480 849 Romanis
488 811 627 860 fuisse,
643 825 761 861 quum
783 818 995 861 pugnatum
1017 813 1065 848 ad
1087 812 1237 849 Cannas
1258 818 1325 860 est,

107 899 121 921 5
140 877 295 926 quidam
317 882 490 912 auctores
510 882 611 912 sunt.
673 876 777 912 Illud
798 876 1095 924 haudquaquam
1125 875 1326 924 discrepat,

140 943 283 979 maiore
303 947 442 978 conatu
462 946 577 990 atque
597 941 745 990 impetu
765 954 845 977 rem
865 945 991 976 actam
1006 953 1121 989 quam
1137 939 1330 989 prioribus

140 1007 262 1054 annis,
297 1007 388 1056 quia
425 1020 541 1056 spem,
572 1020 680 1056 posse
713 1007 816 1043 vinci
855 1006 1016 1051 hostem,
1041 1006 1206 1042 dictator
1240 1018 1329 1054 prae-

141 1072 285 1108 buerat.

107 1149 122 1171 (2
221 1134 398 1171 Ceterum
432 1135 656 1184 priusquam
684 1135 793 1183 signa
821 1134 869 1170 ab
899 1134 994 1170 urbe
1023 1145 1133 1169 novae
1162 1131 1331 1181 legiones

140 1212 194 1236 and
212 1213 258 1236 the
277 1212 405 1248 sibyllino,
434 1203 643 1245 moverent,
679 1199 886 1236 decemviri
920 1198 1037 1234 libros
1075 1197 1182 1233 adire
1213 1201 1331 1245 atque

141 1243 321 1298 geftlgsdagam
343 1249 405 1267 cou-
435 1264 621 1312 inspicere
641 1263 735 1300 iussi
754 1268 912 1312 propter
937 1262 1093 1299 territos
1123 1261 1238 1310 vulgo
1266 1261 1330 1297 ho-

109 1348 121 1370 7
141 1328 262 1363 mines
299 1328 410 1363 novis
443 1327 636 1375 prodigiis.
696 1326 800 1362 Nam
835 1330 874 1362 et
904 1326 1038 1362 Romae
1061 1325 1102 1360 in
1127 1323 1332 1360 Aventino

141 1395 181 1427 et
199 1391 343 1427 Ariciae
364 1391 590 1427 nuntiatum
616 1395 699 1427 erat
727 1392 798 1427 sub
826 1391 928 1427 idem
956 1395 1111 1438 tempus
1138 1388 1332 1438 lapidibus

141 1455 321 1504 pluvisse,
343 1461 382 1492 et
410 1455 533 1491 multo
562 1468 695 1491 cruore
723 1455 832 1504 signa
859 1455 900 1491 in
931 1453 1085 1491 Sabinis
1113 1453 1270 1489 sudasse
1297 1458 1332 1489 et

109 1535 123 1558 8
141 1533 260 1569 aquas
278 1520 385 1556 fonte
404 1520 526 1556 calido
552 1519 699 1567 yelidas
729 1532 901 1556 manasse
916 1533 927 1567 3
955 1519 996 1555 id
1019 1518 1176 1567 quidem
1199 1517 1329 1565 etiam,

142 1585 243 1634 quod
263 1585 400 1633 saepius
429 1585 628 1631 acciderat,
650 1585 772 1633 magis
800 1585 995 1629 terrebat;
1026 1589 1065 1619 et
1094 1582 1137 1618 in
1165 1581 1231 1618 via
1259 1581 1332 1618 for-

142 1649 280 1695 nicata,
302 1662 387 1698 quae
407 1649 455 1685 ad
475 1661 651 1697 campum
677 1653 769 1692 erat,
790 1648 939 1696 aliquot
968 1647 1143 1683 homines
1165 1646 1213 1682 de
1241 1646 1332 1682 caelo

142 1714 238 1750 tacti
276 1712 561 1761 exanimatique
598 1713 764 1748 fuerant.
822 1712 880 1748 Ea
917 1711 1091 1761 prodigia
1133 1723 1183 1746 ex
1222 1709 1332 1747 libris

109 1808 124 1831 9
143 1782 356 1827 procurata.
414 1777 551 1826 Legati
589 1790 611 1813 a
649 1777 775 1813 Paesto
811 1781 964 1826 pateras
997 1788 1132 1812 aureas
1165 1774 1332 1811 Romam

143 1843 368 1879 attulerunt.
406 1841 474 1886 Iis,
495 1841 595 1877 sicut
614 1841 892 1889 Neapolitanis,
915 1840 1048 1889 gratiae
1067 1842 1173 1886 actae,
1193 1852 1332 1876 aurum

143 1920 221 1944 non
241 1910 448 1955 acceptum.

74 1981 123 2018 3¹7
225 1972 299 2008 Per
336 1970 486 2007 eosdem
524 1970 606 2007 dies
642 1971 690 2006 ab
728 1970 903 2007 Hierone
940 1970 1070 2007 classis
1103 1970 1214 2009 Ostia
1245 1983 1332 2007 cum

110 2068 125 2084 2
145 2048 217 2078 King
230 2048 313 2071 Hiero
329 2047 408 2072 sends
435 2046 574 2082 magno
594 2038 809 2070 commeatu
828 2033 995 2070 accessit.
1057 2033 1193 2084 Legati
1215 2034 1257 2071 in
1279 2045 1333 2070 se-

144 2079 217 2108 las-ge
244 2078 361 2108 supplies
383 2078 411 2101 os
605 2098 612 2104 .
805 2098 812 2105 .
950 2098 957 2105 .

145 2116 209 2133 corn
228 2109 283 2133 and
301 2115 318 2133 a
337 2109 408 2133 force
436 2102 573 2134 natum
602 2098 815 2134 1ntroduct1
845 2102 1089 2146 nuntiarunt,
1121 2099 1260 2135 caedem
1289 2097 1331 2135 G.

145 2140 174 2163 of
209 2140 318 2164 archers
354 2139 408 2163 and
551 2162 557 2168 .
594 2161 616 2168 ..
795 2161 802 2167 .
987 2161 994 2168 .

146 2170 264 2200 sungers.
435 2161 620 2197 Flaminii
657 2161 824 2197 consulis
870 2166 1140 2211 exereitusque
1175 2161 1334 2198 allatam

145 2224 239 2260 adeo
261 2237 359 2273 aegre
388 2225 522 2262 tulisse
542 2239 668 2275 regem
700 2226 924 2273 Hieronem,
945 2231 992 2262 ut
1019 2226 1128 2263 nulla
1155 2238 1225 2263 sua
1251 2238 1334 2275 pro-

112 2310 127 2334 3
145 2288 229 2338 pria
254 2289 438 2339 regnique
468 2290 527 2327 sui
561 2291 667 2327 clade
695 2291 841 2327 moveri
869 2290 991 2341 magis
1018 2291 1198 2341 potuerit.
1258 2291 1335 2328 Ita-
