1403 2438
515 131 575 168 LI
575 130 682 168 BER
718 131 841 169 XXI.
1222 132 1236 168 1
1248 133 1268 168 3

83 228 323 266 circumdant
336 242 347 275 5
375 233 414 264 et
443 228 650 277 Saguntini
676 241 828 265 murum
859 227 1079 264 interiorem
1104 227 1152 263 ab
1178 239 1269 263 non-

83 292 176 329 dum
203 297 316 342 capta
344 297 452 341 parte
482 293 586 329 urbis
614 293 770 329 ducunt.
830 291 1029 341 Utrinque
1054 303 1204 328 summa
1231 291 1269 327 vi
1291 308 1315 324 ιι

82 360 125 393 et
156 356 340 393 muniunt
373 361 411 393 ct
441 360 638 405 pugnant3
668 356 732 392 scd
762 356 947 392 interiora
975 355 1119 393 tuendo
1150 355 1269 392 mino-

82 433 163 458 rem
191 420 233 458 in
260 421 341 458 dies
370 421 503 457 urbem
533 420 740 468 Saguntini
769 420 926 457 faciunt.
985 420 1110 457 Simul
1133 420 1269 457 crescit
1289 440 1318 457 η

82 484 214 535 inopia
244 485 416 522 omnium
449 485 563 534 longa
593 485 791 522 obsidione
821 488 862 521 et
894 484 1085 521 minuitur
1117 497 1269 534 exspec-

82 549 179 586 tatio
206 554 375 586 externae
405 550 496 598 opis,
527 562 646 598 quum
676 553 756 585 tam
785 548 917 598 procul
946 549 1123 595 Romani,
1155 549 1269 586 unica

81 625 177 662 spesi,
208 613 307 650 circa
335 614 465 650 omnia
492 613 662 649 hostium
691 617 828 650 essent.
897 613 1100 662 Paulisper
1137 617 1267 650 tamen
1288 630 1318 654 13

80 677 237 714 affectos
265 677 414 714 animos
442 678 632 714 recreavit
665 677 866 727 repentina
903 678 1087 726 profectio
1117 677 1268 714 Hanni-

80 742 180 779 balis
198 742 241 778 in
262 742 451 779 Oretanos
473 742 795 791 Carpetanosque,
811 742 879 791 qui
898 742 974 779 duo
1001 757 1103 793 though
1129 757 1267 782 Hannibal

79 806 223 856 populi,
245 806 407 843 dilectus
427 807 635 843 acerbitate
655 806 899 852 consternati,
922 820 976 843 re-
1003 795 1038 849 i2³y
1055 787 1268 854 fflissilneniivfiff

80 871 199 907 tentis
218 870 553 919 conquisitoribus,
582 875 726 906 nictum
751 870 975 907 desectionis
1002 849 1140 904 ἷῗῑῖἶέὼε
1153 849 1267 879 Spamsh

80 947 199 984 quum
226 935 489 985 praebuissent,
518 935 687 984 oppressi
706 935 900 972 celeritate
921 935 1157 972 Hannibalis
1176 935 1268 973 orni-

78 1003 214 1035 serunt
241 1003 347 1036 mota
374 1012 490 1036 arma.
548 999 588 1035 N
591 1012 632 1035 ec
661 999 825 1047 Sagunti
854 1000 1089 1048 oppugnatio
1115 1001 1267 1048 segnior
1287 999 1334 1037 12

79 1067 171 1108 erat,
195 1063 421 1100 Maharbale
441 1063 676 1100 Himilconis
697 1063 775 1100 filio
797 1063 900 1114 (eum
916 1063 1138 1113 praefecerat
1157 1064 1266 1101 Han-

77 1127 198 1179 nibal)
230 1128 286 1164 ita
318 1127 481 1178 impigre
512 1141 594 1164 rem
627 1132 775 1177 agente,
804 1132 850 1165 ut
878 1128 1012 1165 ducem
1040 1129 1170 1166 abesse
1194 1142 1265 1166 nec

77 1192 181 1230 cives
210 1205 280 1230 nec
311 1192 440 1230 hostes
470 1194 668 1230 sentirent.
727 1193 768 1230 Is
799 1197 838 1229 et
871 1193 1005 1242 proelia
1034 1193 1182 1242 aliquot
1211 1206 1265 1230 se·
1283 1212 1296 1228 2

78 1257 205 1293 cunda
233 1257 323 1294 fecit
350 1262 390 1295 et
417 1258 543 1295 tribus
571 1258 757 1295 arietibus
785 1258 1028 1306 aliquantum
1058 1258 1160 1294 muri
1192 1258 1264 1295 dis-

79 1321 210 1367 cussit,
242 1326 440 1372 strataque
469 1323 598 1359 omnia
630 1323 849 1359 recentibus
882 1322 1006 1359 ruinis
1039 1322 1263 1359 advenienti

79 1385 298 1422 Hannibali
317 1386 496 1423 ostendit.
554 1386 693 1435 Itaque
713 1387 760 1423 ad
781 1387 902 1435 ipsam
922 1399 1046 1423 arcem
1067 1387 1263 1436 extemplo
1282 1401 1296 1424 3

78 1449 218 1487 ductus
251 1451 455 1497 exercitus,
489 1455 678 1500 atroxque
715 1451 893 1500 proelium
926 1464 1012 1487 cum
1051 1451 1263 1488 multorum

79 1514 264 1563 utrinque
284 1515 385 1552 caede
404 1515 547 1552 initum
567 1519 606 1552 et
625 1528 712 1564 pars
732 1515 828 1552 arcis
849 1518 959 1564 capta
978 1519 1047 1552 est.

120 1622 123 1625 ¹
156 1578 322 1616 Tentata
357 1579 495 1616 deinde
531 1592 600 1629 per
632 1580 728 1616 duos
765 1583 824 1616 est
856 1579 996 1628 exigua
1027 1579 1132 1629 pacis
1164 1592 1260 1629 spes,
1281 1604 1294 1626 ⁴

77 1642 269 1680 Alconem
299 1643 559 1693 Saguntinum
589 1647 628 1680 et
660 1644 848 1680 Alorcum
879 1643 971 1680 His·
998 1669 1068 1693 Alco
1129 1669 1263 1700 privateiy

76 1718 230 1755 panum.
266 1707 366 1744 Alco
381 1707 513 1744 insciis
529 1706 766 1756 Saguntinis,
780 1706 969 1756 precibus,
998 1701 1082 1725 treats
1099 1699 1140 1725 s⁰r
1156 1706 1244 1731 peace,

76 1770 224 1820 aliquid
259 1775 454 1808 moturum
480 1775 598 1818 ratus,
624 1783 743 1820 quum
772 1770 821 1807 ad
849 1769 1113 1806 Hannibalem
1145 1773 1260 1806 noctu

76 1835 287 1881 transisset,
309 1840 511 1884 postquam
534 1835 633 1872 nihil
660 1835 826 1872 lacrimae
846 1847 971 1871 move·
999 1848 1047 1872 but
1074 1848 1095 1872 is
1120 1847 1206 1872 afraid
1233 1850 1262 1872 to

76 1899 172 1936 bant
201 1900 518 1949 condicionesque
551 1901 682 1937 tristes
715 1904 760 1936 ut
789 1900 837 1936 ab
868 1900 967 1936 irato
996 1879 1262 1939 gss¹1532151¹233120f¹¹¹³

75 1964 223 2002 victore
249 1965 483 2011 serebantur,
512 1963 715 2014 transfuga
741 1977 790 2001 ex
818 1968 969 2001 oratore
996 1963 1121 1999 factus
1159 1963 1261 2012 apud

75 2028 226 2065 hostem
263 2029 418 2076 mansit,
458 2030 690 2066 moriturum
724 2029 928 2074 affirmans,
962 2027 1031 2076 qui
1067 2027 1138 2063 sub
1176 2039 1260 2064 con-

76 2092 292 2130 dicionibus
318 2093 366 2130 iis
393 2093 440 2130 de
468 2106 559 2143 pace
591 2097 730 2142 ageret.
803 2091 1081 2129 Postulabatur
1116 2094 1258 2138 autem,
1280 2111 1294 2135 5

75 2157 280 2195 redderent
305 2170 364 2194 res
391 2158 632 2203 Turdetanis,
656 2157 874 2206 traditoque
900 2155 1006 2193 omni
1031 2168 1125 2192 auro
1143 2159 1261 2204 atque

75 2225 234 2271 argento
260 2221 401 2272 egressi
420 2223 513 2259 urbe
534 2235 620 2260 cum
640 2222 802 2271 singulis
822 2220 1063 2258 vestimentis
1082 2219 1137 2256 ibi
1155 2218 1261 2257 habi-
