1403 2438
523 154 694 192 LIBER
732 154 846 192 XXI.
1228 155 1274 191 19

89 252 304 302 Saguntum
335 257 597 302 oppugnatum
627 253 688 300 sit,
719 253 965 302 quaerendum
996 265 1178 300 censeam,
1209 253 1274 289 sed

87 321 220 354 utrum
239 318 323 354 iure
341 330 390 354 an
413 318 554 354 iniuria
566 330 576 364 3
605 321 735 354 nostra
755 318 856 354 enim
882 317 961 355 haec
981 318 1140 367 quaestio
1159 321 1275 366 atque
1294 332 1309 354 7

86 381 366 419 animadversio
400 382 440 418 in
473 384 594 418 civem
626 386 799 417 nostrum
829 385 897 427 cst,
927 382 1019 430 quid
1049 385 1179 418 nostro
1207 385 1277 417 aut

87 458 156 482 suo
193 446 325 483 fecerit
362 446 523 482 arbitrio
541 459 552 492 3
600 446 796 482 vobiscum
836 458 912 481 una
943 446 1170 495 disceptatio
1204 450 1272 492 est,

86 509 288 547 licueritne
324 522 393 559 per
421 509 542 546 foedus
576 509 667 546 fieri.
727 508 866 557 Itaque
900 509 1082 558 quoniam
1111 509 1308 546 discerni8

86 573 221 623 placet,
242 573 336 622 quid
361 573 514 622 publico
539 573 707 619 consilio,
734 573 827 622 quid
855 585 924 610 sua
952 577 1087 622 sponte
1116 573 1276 622 impera-

85 641 187 674 tores
210 637 365 685 faciant,
392 637 503 674 nobis
527 637 724 673 vobiscum
754 637 877 674 foedus
905 641 964 674 est
991 649 1014 674 a
1043 637 1084 674 O.
1115 637 1275 674 Lutatio

85 701 240 739 consule
275 701 407 748 ictum,
443 702 484 737 in
521 714 597 750 quo
635 713 753 750 quum
790 705 990 738 caveretur
1022 705 1274 750 utrorumque

85 765 206 812 sociis,
235 765 336 802 nihil
363 766 410 802 de
439 765 666 814 Saguntinis
697 765 874 815 (necdum
905 766 1008 802 enim
1042 769 1153 802 erant
1182 765 1275 802 socii

84 829 222 880 vestri)
251 834 406 867 cautum
433 833 500 867 est.
558 830 618 866 At
651 829 753 866 enim
792 841 836 866 eo
873 830 1022 876 foedere,
1054 830 1157 879 quod
1187 843 1271 866 cum
1291 844 1309 869 9

86 894 333 931 Hasdrubale
352 895 471 931 ictum
493 897 560 941 est,
584 893 791 943 Saguntini
811 894 1068 943 excipiuntur.
1125 895 1275 931 Adver-

85 971 149 995 sus
176 959 278 1008 quod
307 971 375 1008 ego
403 958 502 994 nihil
535 959 709 995 dicturus
742 970 837 1005 sum,
872 958 949 995 nisi
979 959 1081 1007 quod
1111 971 1134 995 a
1163 959 1273 995 vobis

85 1021 212 1060 didici.
268 1022 352 1059 Vos
388 1022 502 1068 enim,
544 1022 647 1071 quod
679 1021 720 1060 C.
761 1021 944 1059 Lutatius
981 1022 1112 1059 consul
1149 1023 1273 1072 primo
1294 1038 1326 1055 xo

84 1086 281 1123 nobiscum
311 1085 434 1122 foedus
467 1086 544 1132 icit,
576 1086 668 1135 quia
701 1098 825 1135 neque
862 1085 1092 1123 auctoritate
1119 1090 1273 1137 patrum

83 1161 154 1186 nec
181 1149 316 1199 populi
342 1149 449 1186 iussu
477 1150 598 1186 ictum
630 1153 722 1196 erat,
754 1151 921 1198 negastis
953 1163 1022 1187 vos
1052 1163 1095 1187 eo
1127 1152 1271 1199 teneri3

84 1214 216 1264 itaque
245 1214 352 1251 aliud
379 1214 426 1251 de
454 1215 604 1263 integro
632 1214 755 1251 foedus
782 1214 937 1263 publico
965 1214 1123 1252 consilio
1151 1214 1272 1251 ictum

83 1282 151 1317 est.
209 1278 250 1316 Si
272 1291 339 1316 vos
358 1291 437 1316 non
455 1282 593 1316 tenent
612 1279 755 1316 foedera
780 1283 910 1316 vestra
934 1279 1010 1315 nisi
1035 1292 1084 1316 ex
1109 1279 1272 1316 auctori-
1294 1296 1321 1312 ιι

84 1347 163 1380 tate
182 1348 250 1380 aut
269 1343 375 1380 iussu
390 1348 518 1380 vestro
544 1344 630 1390 icta,
661 1356 710 1380 ne
733 1356 803 1380 nos
831 1344 986 1392 quidem
1013 1343 1271 1380 Hasdrubalis

83 1407 214 1453 foedus,
236 1408 337 1457 quod
352 1407 463 1444 nobis
477 1407 607 1444 insciis
626 1407 706 1454 icit,
725 1407 892 1456 obligare
906 1407 1043 1457 potuit.
1103 1407 1273 1444 Proinde
1294 1425 1322 1441 ιε

83 1471 251 1508 omittite
280 1471 444 1520 Sagunti
472 1475 589 1520 atque
617 1471 759 1508 Hiberi
789 1471 1023 1508 mentionem
1051 1472 1186 1518 facere,
1217 1475 1268 1517 et,

82 1535 185 1584 quod
217 1535 284 1572 diu
314 1536 484 1585 parturit
515 1536 666 1572 animus
699 1538 835 1581 vester,
869 1535 1076 1584 aliquando
1106 1535 1269 1585 pariat.’'

82 1599 180 1636 Tum
217 1599 427 1647 Romanus,
467 1599 556 1636 sinu
593 1613 642 1636 ex
679 1603 768 1649 toga
813 1599 925 1646 facto,
968 1599 1104 1636 “Hic’'
1142 1599 1273 1649 inquit
1296 1619 1324 1642 ¹3

83 1663 220 1701 “vobis
255 1664 400 1700 bellum
438 1668 478 1700 et
513 1677 644 1713 pacem
691 1667 917 1713 portamus3
963 1667 1095 1700 utrum
1132 1664 1269 1713 placet,

82 1727 256 1765 sumite.'’
322 1727 402 1764 Sub
448 1728 548 1764 hanc
593 1740 725 1764 vocem
768 1727 873 1764 haud.
915 1727 1044 1764 minus
1080 1728 1269 1775 ferociter,

80 1791 198 1839 daret,
219 1795 352 1829 utrum
376 1792 504 1839 vellet,
527 1792 801 1829 succlamatum
827 1795 885 1828 cst
899 1804 910 1838 3
940 1795 979 1828 et
1005 1809 1060 1834 and
1087 1817 1142 1835 war
1173 1809 1195 1835 ῖς
1227 1810 1272 1836 de·
1293 1808 1323 1832 14

79 1867 197 1904 quum
216 1855 250 1892 is
273 1855 425 1903 iterum,
450 1856 538 1892 sinu
567 1856 694 1902 effuso,
716 1855 860 1892 bellum
889 1855 980 1891 dare
1007 1841 1105 1865 ’ζωρά

78 1918 251 1966 dixisset,
291 1920 460 1969 accipere
497 1932 536 1957 se
569 1931 700 1957 omnes
737 1920 1019 1969 responderunt
1051 1921 1099 1965 et,
1133 1918 1303 1968 quibus'

79 1983 296 2032 acciperent
314 1984 463 2031 animis,
485 1984 621 2021 iisdem
641 1997 680 2021 sc
699 1988 882 2033 gesturos.

162 2046 260 2084 Haec
280 2047 424 2085 directa
441 2048 681 2098 percontatio
705 2061 749 2085 ac
774 2047 1019 2084 denuntiatio
1038 2046 1130 2083 belli
1150 2046 1273 2096 magis
1293 2041 1340 2078 19

78 2123 128 2147 ex.
148 2110 337 2160 dignitate
354 2112 488 2161 populi
507 2112 676 2149 Romani
688 2112 772 2148 visa
785 2115 844 2148 est
855 2124 970 2160 quam
1000 2124 1027 2159 ῖς
1039 2130 1092 2148 was
1105 2123 1273 2148 idlethento

77 2173 125 2211 de
142 2173 327 2211 foederum
345 2174 429 2212 iure
453 2175 582 2212 verbis
610 2175 832 2224 disceptare,
854 2187 974 2224 quum
1001 2154 1272 2218 gistcffgiliiiretsstrimesff

77 2241 177 2286 ante,
199 2242 286 2276 tum
309 2239 476 2276 maxime
491 2239 663 2289 Sagunto
683 2239 820 2276 excisa.
881 2238 985 2276 Nam
1004 2238 1038 2276 si
1065 2239 1270 2276 verborum
1291 2255 1306 2272 2

1040 2304 1150 2343 2—2
