1403 2438
505 136 674 174 LIBER
710 135 826 173 XXI.
1205 134 1256 171 63

66 238 170 274 susos
197 235 340 286 passim
370 236 419 273 ad
449 236 699 285 praedantlum
728 234 900 272 hostium
925 232 1075 282 equites
1094 232 1255 269 audacia

64 302 187 351 magis
214 314 329 350 quam
358 301 519 338 consilio
546 305 615 336 aut
642 313 708 349 spe
735 298 896 336 fallendi
923 297 1187 343 resistendive,
1218 296 1252 333 si

65 377 143 402 non
169 365 332 410 falleret,
358 368 627 413 transgressus.
685 362 734 399 Id
759 361 860 411 quod
879 373 1001 398 unum
1021 359 1190 396 maxime
1209 359 1252 395 in
1273 370 1287 393 ⁴

65 428 270 478 praesentia
293 426 593 472 desiderabatur,
618 425 785 462 comitiis
810 424 1077 461 consularibus
1096 422 1249 468 habitis,

65 493 108 529 in
139 493 302 529 hiberna
333 492 459 529 rediit.
517 490 645 527 Creati
680 489 853 527 consules
885 489 952 526 Cn.
991 487 1179 525 Servilius
1213 489 1254 523 et

66 556 108 593 C.
131 556 356 593 Flaminius,

146 620 327 657 Ceterum
347 631 396 656 ne
415 619 577 655 hiberna
592 619 747 668 quidem
769 616 957 654 Romanis
977 615 1108 665 quieta
1129 618 1248 660 erant,
1270 630 1285 654 s

65 684 297 734 vagantibus
312 683 453 733 passim
470 682 654 719 Numidis
674 682 870 731 equitibus
890 685 941 726 et,
957 686 1000 716 uc
1019 691 1179 729 quaeque
1203 677 1252 713 iis

64 748 311 798 impeditiora
349 751 470 793 eraut,
507 746 712 784 Celtiberis
746 745 959 783 Lusitanis·
987 757 1124 783 Hannibal
1138 755 1252 791 scouqed

65 825 148 862 que.
208 812 352 849 Omnes
375 813 496 861 igitur
518 812 688 861 undique
717 810 837 848 clausi
862 822 959 846 com-
986 790 1033 844 {1¹1¹ss
1039 790 1169 849 caci‘x'rffii?
1189 787 1252 811 mh

66 882 215 914 meatus
235 881 356 923 eraut,
379 877 456 914 nisi
474 890 570 926 quos
586 877 693 913 Pado
705 888 824 912 naves
843 873 1112 911 subveherent.
1161 871 1251 908 Em·
1271 881 1287 906 6

65 940 217 990 porium
246 953 363 990 prope
401 940 641 976 Placentiam
671 940 747 976 fuit
779 943 819 975 et
855 950 967 987 opere
1000 949 1142 985 magno
1171 948 1253 971 mu-

66 1004 195 1040 nitum
234 1008 274 1040 et
309 1002 438 1039 valido
476 1004 672 1039 firmatum
706 1001 892 1051 praesidio.
964 1000 1060 1036 Eius
1103 998 1253 1035 castelli

66 1067 315 1116 expugnandi
342 1080 409 1116 spe
437 1080 525 1104 cum
554 1067 751 1116 equitibus
779 1079 822 1102 ac
849 1065 929 1103 levi
952 1068 1151 1102 armatura
1170 1076 1253 1113 pro-

65 1129 191 1168 fectus
237 1130 450 1177 Hannibal,
492 1144 612 1180 quum
658 1130 871 1180 plurimum
915 1130 958 1166 in

65 1195 223 1237 celando
253 1195 406 1245 incepto
435 1196 485 1232 ad
517 1196 695 1232 effectum
728 1195 810 1243 spei
842 1195 960 1230 habu-

65 1257 168 1304 isset,
204 1263 315 1295 nocte
343 1258 501 1295 adortus
537 1271 617 1294 non
654 1258 792 1294 fefellit
820 1256 965 1305 vigiles.
1023 1256 1171 1292 Tantus
1199 1268 1253 1292 re·
1273 1270 1288 1294 7

65 1326 182 1370 pente
209 1321 354 1358 clamor
378 1326 437 1359 est
462 1321 650 1366 sublatus,
671 1325 717 1356 ut
739 1320 948 1356 Placentiae
972 1332 1123 1368 quoque
1148 1318 1254 1355 audi-

64 1390 184 1424 retur.
243 1385 384 1435 Itaque
407 1386 479 1422 sub
498 1386 622 1422 lucem
643 1397 730 1421 cum
751 1383 928 1432 equitatu
948 1383 1082 1419 consul
1101 1382 1247 1427 aderat,

65 1448 180 1486 iussis
211 1450 399 1498 quadrato
436 1449 588 1499 agmine
625 1448 841 1497 legionibus
874 1447 991 1497 sequi.
1062 1447 1252 1497 Equestre
1271 1457 1286 1482 8

986 1163 1039 1181 was
1081 1155 1177 1180 beaten
1216 1154 1257 1179 off

987 1188 1057 1212 from
1070 1186 1237 1217 Emporium,

65 1512 223 1549 interim
261 1513 440 1562 proelium
477 1513 733 1559 commissum,
772 1513 814 1548 in
851 1525 938 1561 quc,
974 1511 1066 1560 quia
1102 1512 1253 1548 saucius

67 1577 270 1614 Hannibal
297 1590 428 1626 pugna
454 1577 628 1624 excessit,
649 1589 791 1626 pavore
812 1576 991 1612 hostibus
1017 1575 1170 1621 iniecto,
1192 1576 1253 1612 de-

65 1642 218 1678 fensum
230 1642 381 1691 egregie
396 1641 616 1690 praesidium
637 1645 704 1678 est.
763 1640 982 1676 Paucorum
998 1639 1087 1675 inde
1101 1639 1251 1675 dierum
1270 1655 1285 1679 9

66 1705 196 1755 quiete
223 1710 379 1755 sumpta
405 1709 446 1741 et
472 1705 635 1741 vixdum
661 1705 755 1741 satis
777 1707 980 1753 percurato
1002 1703 1175 1750 vulnere,
1203 1703 1252 1739 ad

66 1770 313 1807 Victumvias
351 1769 626 1819 oppugnandas
662 1768 719 1804 ire
755 1769 892 1818 pergit.
950 1767 1001 1804 Id
1037 1767 1253 1816 emporium
1271 1787 1304 1803 10

66 1834 254 1871 Romanis
280 1834 428 1872 Gallico
453 1835 554 1871 bello
579 1835 731 1881 fuerat3
761 1833 957 1870 munitum
985 1847 1035 1871 but
1059 1846 1148 1871 forced
1190 1845 1252 1870 Vic-

65 1898 158 1935 inde
175 1898 301 1935 locum
319 1898 661 1947 frequentaverant
683 1897 817 1934 accolae
841 1896 959 1933 mixti
986 1880 1135 1937 ἓιέῐτῗῖῗῗὲἕ)
1143 1883 1253 1936 ῗιῗεῖἷιῗιιιζ
1294 1924 1298 1930 ,

152 1961 160 1969 ‚
392 1963 398 1971 ,
425 1963 432 1970 .
481 1962 488 1969 ‚
655 1962 662 1969 ,
987 1939 1073 1962 has-oc
1100 1938 1129 1962 of
1153 1938 1187 1963 its
1213 1937 1253 1962 in-

66 1962 238 2011 undique
261 1975 310 1999 ex
333 1963 510 1999 finitlmis
532 1962 697 2011 populis,
717 1965 758 1998 et
779 1965 864 1998 tum
885 1966 958 1999 ter·
986 1969 1132 1993 habitants.

67 2037 132 2061 ror
159 2025 454 2074 populationum
486 2038 530 2063 eo
553 2025 755 2074 plerosque
788 2038 837 2062 ex
869 2026 971 2075 agris
1000 2028 1250 2077 compulerat.

67 2087 202 2126 Huius
242 2089 393 2139 generis
430 2089 653 2134 multitudo,
684 2089 788 2125 fama
825 2089 988 2138 impigre
1025 2091 1171 2128 defensi
1203 2092 1253 2129 ad
1272 2114 1302 2131 11

68 2151 306 2189 Placentiam
342 2152 510 2203 praesidii
544 2165 712 2199 accensa,
752 2153 870 2189 armis
901 2154 1065 2204 arreptis
1097 2155 1250 2192 obviam

66 2215 284 2254 Hannibali
326 2216 508 2266 procedit.
575 2216 705 2266 Magis
742 2217 897 2266 agmina
928 2231 1046 2268 quain
1077 2219 1178 2257 acies
1209 2219 1252 2257 in
1273 2236 1305 2254 ιε
