1455 2454
155 186 204 224 42
675 186 827 224 LIVII

121 303 136 328 g
153 285 325 322 nondum
354 284 447 321 satis
475 283 569 329 noti,
591 283 646 320 ita
674 284 752 320 iam
780 284 954 321 imbutus
982 289 1143 335 uterque
1170 286 1337 335 quadam

152 349 407 386 admiratione
436 347 606 384 alterius.
664 347 769 384 Nam
795 348 1030 386 Hannibalis
1059 353 1098 386 et
1127 351 1229 399 apud
1262 350 1338 387 Ro-

153 425 283 449 manos
312 412 389 448 iam
418 416 508 448 ante
538 411 701 460 Sagunti
728 412 922 449 excidium
951 413 1242 450 celeberrimum
1273 427 1338 451 no-

152 489 241 513 men
273 480 368 522 erat,
399 479 438 513 et
467 475 685 525 Scipionem
714 476 916 513 Hannibal
945 490 988 513 eo
1020 477 1114 526 ipso,
1145 478 1247 527 quod
1275 478 1338 514 ad-

151 553 283 577 versus
311 552 353 578 se
384 540 465 576 dux
495 540 740 589 potissimum
772 540 895 577 lectus
940 545 1050 588 esset,
1090 545 1337 590 praestantem

118 623 134 648 9
151 605 278 642 virum
298 605 476 642 credebat
483 618 493 651 ,·
514 609 553 641 et
567 609 759 642 auxerant
773 605 877 642 'mter
891 618 930 642 se
946 605 1177 654 opinionem,
1196 605 1335 655 Scipio,

150 669 264 718 quod,
285 669 441 706 relictus
461 669 502 705 in
522 669 660 716 Gallia,
677 670 815 706 obvius
833 669 960 708 fuerat
979 670 1021 706 in
1041 670 1197 707 Italiam
1215 673 1338 706 trans-

149 747 277 783 gresso
293 733 521 779 Hannibali,
537 733 742 770 Hannibal
760 737 799 769 et
818 737 957 770 conatu
976 737 1056 770 tam
1076 734 1213 770 audaci
1231 733 1338 770 traii-

150 828 208 852 who
230 827 285 852 had
306 827 413 851 crossod
441 797 663 833 ciendarum
683 796 846 846 Alpium
867 801 906 833 et
926 798 1072 835 effectu.
1123 797 1337 846 Occupavit

149 859 195 882 ⁶¹¹0
223 858 262 882 ¹¹⁰
288 858 342 882 ³¹¹⁶
369 865 413 881 '³¹¹‘
440 865 570 897 tamen
599 861 726 910 Scipio
756 861 903 897 Padum
928 861 1115 908 traiicere,
1137 865 1176 897 et
1201 861 1249 898 ad
1277 861 1337 898 Ti-

149 889 261 918 campcd
298 888 332 918 by
366 888 413 912 the

149 919 263 943 'ricinus
439 926 569 962 einum
598 937 750 965 amnem
780 925 894 962 motis
932 925 1076 972 castris,
1112 926 1335 974 priusquam

101 817 133 833 10

149 990 327 1026 educeret
346 989 387 1025 in
406 990 536 1036 aciem,
552 989 881 1026 adhortandorum
900 990 1068 1026 militum
1085 1002 1198 1026 causa
1216 990 1334 1027 talem

149 1054 360 1090 orationem
381 1057 439 1090 est
460 1066 624 1091 exorsus.

79 1131 131 1169 40
230 1118 307 1155 “Si
336 1131 422 1155 eum
457 1118 678 1163 exercitum,
709 1118 860 1164 milites,
894 1118 1093 1155 educerem
1123 1118 1165 1154 in
1201 1118 1331 1164 aciem,

183 1225 189 1230 ,
211 1224 216 1230 ,
439 1195 551 1231 quem
572 1182 612 1219 in
634 1182 762 1219 Gallia
781 1196 928 1218 mecum
955 1182 1084 1229 habui,
1106 1183 1335 1231 supersedis-

148 1225 235 1256 Sc1p1o
249 1231 412 1255 encourages

116 1286 131 1303 2
148 1255 412 1315 ὲιέξῦῃῗέὲᾱῗιξεὼἒίζ
440 1259 517 1283 sem
539 1246 643 1295 loqui
662 1248 764 1295 apud
786 1260 871 1290 vos;
900 1247 992 1295 quid
1014 1246 1117 1283 enim
1137 1246 1334 1283 adhortari

148 1317 353 1376 {235313'31‘1'122‘}
365 1318 411 1341 the
439 1311 598 1347 referret
609 1314 678 1346 aut
693 1323 754 1347 eos
769 1310 928 1359 equites,
939 1311 1005 1359 qui
1020 1311 1236 1359 equitatum
1250 1310 1334 1346 hos-

147 1377 412 1437 isshssgiiiiissiiffied
440 1375 541 1411 tium
560 1375 608 1410 ad
628 1374 862 1411 Rhodanum
883 1375 1026 1410 fiumen
1052 1375 1201 1423 egregie
1219 1375 1330 1412 vicis-

441 1442 535 1484 sent,
561 1442 630 1474 aut
657 1450 719 1474 eas
747 1438 924 1487 legiones,
955 1451 1040 1475 cum
1071 1439 1211 1487 quibus
1238 1434 1334 1487 fugi-

147 1507 276 1540 entem
305 1503 407 1540 hunc
437 1503 563 1552 ipsum
592 1503 740 1539 hostem
774 1506 927 1539 secutus
964 1503 1240 1540 confessionem
1277 1516 1334 1540 ce-

148 1568 275 1605 dentis
303 1581 347 1605 ao
376 1568 627 1604 detrectantis
665 1571 859 1604 certamen
896 1580 965 1616 pro
994 1567 1158 1604 victoria.
1189 1566 1335 1604 habui‘ss

115 1655 131 1680 3
148 1632 266 1669 Nunc
285 1632 376 1681 quia
394 1632 459 1668 ille
478 1632 680 1677 exercitus,
703 1631 905 1680 Hispaniae
931 1631 1137 1680 provinciae
1156 1631 1332 1680 scriptus,

147 1696 202 1733 ibi
230 1709 317 1733 cum
345 1696 464 1733 fratre
485 1695 553 1732 On.
577 1695 754 1745 Scipione
782 1696 876 1732 meis
904 1695 1083 1744 auspiciis
1110 1708 1190 1732 rem
1218 1695 1331 1744 gerit,

147 1760 216 1797 ubi
243 1774 331 1797 eum
359 1773 490 1809 gerere
517 1765 672 1797 senatus
701 1760 940 1809 populusque
969 1752 1169 1796 Romanus
1195 1759 1332 1805 voluit,

116 1850 132 1874 4
148 1837 227 1874 ego,
265 1828 312 1861 ut
347 1824 540 1861 consulem
587 1824 720 1860 ducem
768 1812 956 1860 adversus
986 1823 1250 1860 Hannibalem
1287 1835 1332 1860 ac

148 1889 288 1926 Poenos
315 1888 518 1935 haberetis,
547 1888 629 1937 ipse
661 1900 722 1924 me
749 1887 839 1924 huic
872 1887 1094 1924 voluntario
1131 1886 1333 1924 certamini

148 1952 286 1999 obtuli,
304 1965 405 1989 novo
424 1952 647 2002 imperatori
666 1952 769 2001 apud
787 1964 906 1988 novos
918 1951 1062 1988 milites
1080 1964 1202 2000 pauca
1215 1952 1333 1988 verba

117 2044 131 2067 5
148 2018 321 2054 facienda
340 2021 441 2054 simt.
499 2016 562 2053 Ne
580 2029 700 2065 genus
722 2016 815 2053 belli
839 2028 937 2052 neve
959 2015 1107 2052 hostem
1133 2015 1330 2064 ignoretis,

149 2095 236 2118 cum
254 2082 303 2118 iis
321 2085 380 2118 est
398 2081 519 2128 vobis,
532 2081 684 2127 milites,
707 2080 968 2129 pugnandum,
987 2092 1080 2129 quos
1099 2083 1203 2116 terra
1220 2079 1333 2116 mari-

148 2158 222 2195 que
233 2145 360 2195 priore
373 2145 475 2182 bello
489 2145 648 2191 vicistis,
662 2157 685 2180 a
700 2144 841 2193 quibus
860 2144 1097 2192 stipendium
1109 2157 1179 2193 per
1190 2142 1332 2192 viginti

147 2222 268 2246 annos
293 2209 486 2258 exegistis,
507 2222 529 2245 a
554 2209 695 2257 quibus
720 2211 833 2257 capta
853 2208 945 2244 belli
973 2208 1131 2257 praemia
1156 2207 1330 2245 Siciliam

118 2293 134 2319 ⁶
149 2286 193 2312 ac
211 2273 430 2311 Sardiniam
448 2273 609 2313 habetis.
666 2272 756 2309 Erit
779 2272 901 2322 igitur
919 2272 960 2308 in
980 2272 1051 2310 hoc
1070 2270 1280 2309 certamine
1296 2270 1332 2308 is
