1455 2454
156 184 203 220 10
674 185 827 223 LIVII

151 282 343 331 principes
369 281 547 318 factionis
575 281 751 318 Barcinae
779 281 994 330 praemittit,
1015 284 1061 318 ut
1079 285 1340 331 praepararent

151 359 309 382 suorum
334 346 493 392 animos,
521 358 570 382 ne
596 345 691 395 quid
716 358 805 395 pars
831 345 952 382 altera
970 346 1179 394 gratificari
1197 346 1339 396 populo

86 414 134 452 10
153 410 328 447 Romano
365 413 502 459 posset.
561 409 712 459 Itaque,
745 414 1004 459 praeterquam
1042 410 1146 459 quod
1183 411 1340 448 admissi

443 474 644 523 auditique
662 477 765 520 sunt,
787 487 831 511 ea
850 486 1002 523 quoque
1026 486 1128 511 vana
1151 478 1268 524 atque
1289 475 1343 524 11·-ι

151 505 220 528 went
242 511 277 528 on
300 505 329 528 to
353 504 416 528 Car-

121 557 135 573 2
151 536 238 589 fffsstffi
249 535 414 595 ξῇζξζῗῗξθ
443 538 519 575 rita
546 538 687 587 legatio
713 538 800 575 fuit.
856 539 1002 575 Hanno
1029 551 1131 576 unus
1156 539 1340 576 adversus

151 596 362 626 ‘estofflfflmffi
441 606 619 639 senatum
647 615 799 639 causam
828 603 982 640 foederis
1015 616 1154 652 magno
1186 603 1341 641 silentio

151 669 308 715 propter
337 667 609 704 auctoritatem
639 679 759 713 suam,
780 680 859 704 non
884 680 971 703 cum
997 680 1156 704 assensu
1182 667 1340 704 audien-

120 731 252 778 3tium
284 732 372 780 egit,
404 744 471 780 per
499 731 589 768 deos
617 731 804 768 foederum
832 731 997 768 arbitros
1025 744 1069 768 ac
1094 732 1212 768 teste's
1236 744 1341 769 senae

150 798 237 831 tum
270 796 478 843 obtestans,
511 808 559 832 ne
599 795 821 832 Romanum
859 808 947 832 cum
978 795 1193 844 Saguntino
1225 783 1341 833 susci-

152 863 283 896 tarent
301 860 443 896 bellum
460 874 471 908 3
497 860 703 905 monuisse,
726 859 949 908 praedixisse
968 872 1019 906 se,
1036 873 1085 896 ne
1104 859 1342 898 Hamilcaris

151 923 374 972 progeniem
402 923 451 960 ad
479 924 694 960 exercitum
722 924 924 973 mitterent
939 937 950 971 3
981 936 1060 960 non
1089 936 1232 972 manes,
1262 937 1342 962 11011

153 988 313 1037 stirpem
349 987 431 1025 eius
468 988 737 1038 conquiescere
769 987 858 1034 viri,
896 1001 966 1025 nec
1004 1001 1188 1037 unquam,
1222 989 1342 1027 donec

153 1052 352 1101 sanguinis
371 1052 616 1102 nominisque
636 1052 793 1089 Barcini
813 1052 1019 1101 quisquam
1039 1053 1216 1106 supersit,
1238 1054 1342 1103 quie-

123 1139 137 1163 4
152 1120 242 1153 tura
261 1116 439 1153 Romana
457 1117 609 1154 foedera.
670 1119 693 1137 “
706 1117 894 1153 Iuvenem
909 1117 1135 1166 flagrantem
1157 1118 1339 1167 cupidine

152 1181 263 1230 regni
291 1181 474 1231 viamque
505 1194 625 1217 unam
658 1181 706 1217 ad
739 1181 779 1217 id
812 1185 1045 1228 cernentem,
1084 1182 1117 1218 si
1150 1194 1199 1218 ex
1229 1182 1341 1231 bellis

152 1245 254 1282 bella
268 1246 428 1282 serendo
441 1246 656 1282 succinctus
672 1246 789 1282 armis
801 1245 1092 1295 legionibusque
1104 1245 1223 1292 vivat,
1235 1234 1343 1284 velut

152 1310 355 1347 materiam
373 1310 456 1359 igni
474 1302 700 1359 praebenteS,
722 1310 771 1346 ad
796 1310 989 1350 exercitus
1014 1310 1186 1347 misistis.
1247 1311 1344 1347 Alu-

121 1395 135 1419 5
153 1375 240 1411 istis
259 1387 348 1423 ergo
368 1374 440 1410 hoc
459 1374 693 1420 incendium,
711 1386 787 1423 quo
802 1387 905 1410 nunc
924 1374 1077 1411 ardetis.
1124 1374 1342 1423 Saguntum

152 1439 273 1476 vestri
292 1439 572 1475 circumsedent
600 1438 807 1485 exercitus,
832 1438 936 1475 unde
962 1443 1144 1489 arcentur
1175 1439 1318 1477 foedere
1332 1452 1344 1487 3

151 1516 245 1540 mox
273 1502 547 1552 Carthaginem
576 1503 910 1551 circumsedebunt
939 1502 1126 1540 Romanae
1160 1503 1342 1552 legiones,

154 1567 315 1604 ducibus
335 1567 472 1604 iisdem
492 1567 576 1614 diis,
595 1580 664 1616 per
683 1579 779 1616 quos
798 1567 925 1616 priore
944 1567 1045 1604 bello
1064 1571 1182 1617 rupta
1199 1568 1343 1611 foedera

121 1644 137 1669 6
154 1636 246 1669 sunt
270 1631 356 1678 ulti.
414 1631 565 1669 Utrum
585 1632 738 1668 hostem
757 1644 808 1667 an
826 1644 894 1667 vos
913 1644 964 1667 an
983 1631 1181 1668 fortunam
1200 1633 1344 1670 utrius-

153 1709 228 1745 que
253 1696 387 1748 populi
409 1696 621 1746 ignoratis?
679 1695 845 1745 Legatos
868 1696 917 1732 ab
944 1695 1056 1732 sociis
1080 1700 1120 1732 et
1138 1709 1208 1745 pro
1224 1697 1344 1751 vsociis

153 1761 354 1798 venientes
383 1761 506 1797 bonus
538 1761 750 1809 imperator
781 1764 911 1797 vester
942 1759 986 1796 in
1017 1763 1143 1797 castra
1173 1773 1253 1798 non
1279 1761 1343 1798 ad-

153 1825 287 1874 misit3
314 1825 375 1862 ius
401 1825 578 1875 gentium
606 1825 765 1862 sustulit
777 1837 788 1872 ;
817 1825 859 1861 hi
884 1828 1028 1872 tamen,
1056 1825 1160 1861 unde
1183 1838 1231 1862 ne
1257 1825 1343 1863 hos-

152 1891 255 1927 tium
283 1890 440 1939 quidem
465 1889 585 1939 legati
609 1892 802 1937 arcentur,
824 1888 936 1938 pulsi,
959 1889 1008 1925 ad
1031 1901 1102 1926 nos
1127 1893 1317 1927 venerunt
1329 1903 1342 1938 ς

152 1968 213 1992 res
242 1967 291 1991 ex
317 1954 460 1992 foedere
487 1957 695 2003 repetunt,-
726 1957 772 1990 ut
799 1953 954 2003 publica
981 1953 1087 1991 fraus
1113 1953 1226 2001 absit,
1254 1966 1341 1991 auc-

120 2036 136 2061 7
155 2023 276 2057 torem
296 2005 483 2068 0111111001
501 2031 612 2055 reum
631 2018 804 2055 criminis
823 2018 1045 2068 deposcunt.
1104 2017 1191 2062 Quo
1209 2018 1338 2067 lenius

152 2087 284 2133 agunt,
315 2083 471 2133 segnius
499 2083 706 2132 incipiunt,
737 2095 791 2130 eo,
823 2095 945 2131 quum
969 2081 1168 2131 coeperint,
1193 2076 1340 2134 vereor,

152 2162 201 2185 ne
228 2148 540 2198 perseverantius
568 2147 741 2184 saeviant.
799 2146 964 2196 AEgates
987 2145 1145 2184 insulas,
1161 2145 1343 2195 Erycem-

152 2226 228 2263 que
264 2216 356 2250 antc
392 2212 522 2250 oculos
558 2211 773 2262 proponite,
812 2224 898 2260 quae
934 2212 1039 2247 terra
1070 2209 1245 2260 marique
1274 2223 1344 2260 per

123 2289 137 2315 8
153 2281 339 2328 quattuor
367 2281 407 2315 et
435 2277 579 2327 viginti
605 2289 728 2314 annos
755 2275 860 2326 passi
888 2275 982 2314 sitis.
1042 2275 1126 2332 Nec
1153 2287 1252 2325 puer
1277 2275 1341 2313 hie

1313 515 1384 540 0
1420 534 1426 544 .
