1434 2402
142 78 214 114 124
659 74 804 111 LIVII

140 176 278 212 vallum
318 175 488 219 intravit,
530 174 822 223 speculatusque
859 173 989 210 omnia
1023 186 1110 209 cum
1148 186 1240 210 cura
1268 185 1323 210 re-

106 249 119 272 6
136 240 302 285 nuntiat,
334 238 492 274 insidias
521 238 690 287 profecto
718 251 820 283 esse3
850 237 958 286 ignes
986 237 1028 273 in
1053 242 1162 286 parte
1185 241 1324 275 castro—

137 317 231 349 rum,
272 316 356 352 quae
396 306 528 351 vergat
564 303 612 338 ad
650 303 809 348 hostem,
848 302 1028 349 relictos;
1076 302 1322 339 tabernacula

135 372 267 416 aperta
299 372 337 403 et
372 367 502 403 onmia
530 380 617 403 cara
646 367 686 402 in
717 371 896 415 promptu
929 366 1089 412 relicta;
1119 370 1322 415 argentum

135 431 364 480 quibusdam
399 430 490 467 locis
525 436 668 467 temere
704 444 770 480 per
804 431 883 467 vias
916 431 1020 467 velut
1050 431 1242 467 obiectum
1275 431 1322 467 ad

104 513 116 535 7
136 496 300 544 praedam
338 495 484 531 vidisse.
553 495 646 540 Quae
680 496 726 531 ad
765 496 1012 531 deterrendos
1051 508 1074 531 a
1111 495 1323 544 cupiditate

136 560 281 596 animos
303 560 484 596 nuntiata
498 565 620 604 erant,
641 573 685 596 ea
705 560 972 606 accenderunt,
995 566 1034 596 et
1053 560 1217 596 clamore
1239 564 1324 597 orto

135 638 158 661 a
178 624 377 670 militibus,
392 625 433 660 ni
452 624 604 673 signum
620 625 745 671 detur,
767 624 849 661 sine
869 624 1032 661 ducibus
1050 624 1184 670 ituros,
1206 625 1322 661 haud-

136 702 325 738 quaquam
357 689 436 725 dux
467 689 616 733 defuit;
660 702 747 725 nam
782 689 977 737 extemplo
1005 689 1132 725 Varro
1170 688 1321 737 signum

101 762 116 786 8
135 753 242 790 dedit
261 752 536 802 proficiscendi,
599 753 753 799 Paulus,
775 766 894 801 quum
916 753 951 789 ei
970 765 1039 789 sua
1058 758 1194 802 sponte
1213 766 1323 790 cunc-

135 818 234 854 tanti
264 817 361 866 pulli
390 830 541 866 quoque
570 817 740 866 auspicio
768 830 845 853 non
874 817 1126 863 addixissent,
1148 817 1322 854 nuntiari

100 895 116 919 9
134 884 209 919 iam
237 882 411 919 efferenti
434 887 545 931 porta
575 882 683 930 signa
710 882 862 930 collegae
891 882 1013 918 iussit.
1073 881 1185 926 Quod
1204 895 1322 931 quan-

133 961 248 998 quam
284 947 410 983 Varro
439 959 536 995 aegre
565 951 623 982 est
653 959 795 995 passus,
830 946 1010 982 Flaminii
1037 951 1165 983 tamen
1194 959 1324 983 recens

134 1025 241 1049 casus
271 1010 501 1060 Claudiique
529 1010 695 1047 consulis
725 1010 848 1059 primo
880 1010 1027 1047 Punico
1055 1011 1156 1047 bello
1186 1023 1322 1047 memo-

89 1096 117 1111 ιο
134 1082 218 1113 rata
251 1075 398 1112 navalis
418 1075 556 1130 'clades
595 1074 818 1124 religionem
855 1075 985 1111 animo
1023 1075 1196 1112 incussit.
1272 1075 1322 1111 Di

135 1154 249 1190 prope
280 1141 352 1190 ipsi
383 1153 427 1176 eo
444 1140 518 1183 >die
553 1139 673 1189 magis
711 1140 898 1190 distulere
944 1153 1060 1188 quam
1094 1140 1323 1190 prohibuere

133 1193 398 1241 imminentem
431 1209 575 1253 pestem
608 1203 823 1250 Romanis3
853 1217 943 1240 nam
972 1204 1069 1241 forte
1095 1204 1151 1240 ita
1178 1204 1322 1250 evenit,

134 1275 187 1315 ut,
210 1283 327 1319 quum
349 1269 483 1305 referri
503 1269 612 1317 signa
632 1268 670 1304 in
697 1272 822 1305 castra
840 1269 992 1310 iubenti
1012 1269 1160 1305 consuli
1179 1269 1323 1306 milites

87 1353 112 1368 ιι
132 1348 210 1371 non
238 1337 428 1384 parerent,
449 1333 550 1370 servi
578 1334 665 1380 duo,
693 1333 888 1369 Formiani
908 1346 1019 1379 unus,
1042 1332 1141 1369 alter
1161 1332 1321 1369 Sidicini

133 1399 285 1448 equitis,
323 1398 390 1447 qui
429 1397 592 1434 Servilio
630 1402 746 1446 atque
786 1397 912 1434 Atilio
956 1397 1178 1434 consulibus
1220 1397 1324 1433 inter

133 1464 375 1514 pabulatores
408 1461 558 1511 excepti
591 1475 613 1498 a
651 1462 833 1498 Numidis
871 1462 1035 1507 fuerant,
1074 1461 1324 1511 profugerent

133 1541 176 1565 eo
199 1527 261 1564 die
281 1528 329 1564 ad
355 1527 530 1563 dominos
549 1541 560 1574 3
589 1526 821 1575 deductique
848 1527 895 1563 ad
926 1526 1100 1563 consules
1125 1526 1320 1573 nuntiant,

132 1605 283 1630 omnem
311 1591 523 1628 exercitum
551 1591 788 1628 Hannibalis
817 1595 924 1628 trans
950 1591 1146 1640 proximos
1175 1595 1323 1628 montes

86 1671 114 1687 12
132 1658 261 1694 sedere
290 1657 332 1692 in
355 1645 516 1692 insidiis.
576 1656 728 1692 Horum
757 1649 998 1705 opportunus
1025 1656 1216 1692 adventus
1238 1668 1322 1692 con-

132 1722 231 1758 sules
264 1720 416 1769 imperii
455 1724 630 1769 potentes
669 1720 769 1766 fecit,
806 1733 923 1777 quum
963 1719 1125 1756 ambitio
1162 1720 1323 1757 alterius

132 1799 239 1822 suam
267 1785 433 1834 primum
464 1785 564 1833 apud
592 1798 654 1821 eos
675 1798 795 1834 prava
815 1784 1058 1833 indulgentia
1079 1785 1320 1821 maiestatem

130 1850 318 1887 solvisset.

61 1917 111 1955 43
214 1913 414 1950 Hannibal
448 1917 649 1963 postquam
683 1918 805 1951 motos
843 1914 964 1963 magis
998 1914 1212 1951 inconsulte
1246 1914 1322 1951 Ro-

132 1993 215 2017 Want
233 1993 262 2028 ot
278 1992 395 2023 supplies
424 1989 557 2013 manos
585 1990 701 2026 quam
725 1978 774 2014 ad
797 1978 980 2014 ultimum
1008 1981 1150 2015 temere
1169 1982 1321 2016 evectos

129 2024 218 2079 ξ’ῑῗέῗῗ)
231 2024 339 2083 ἒὲῐιῗυὲἕ
354 2030 394 2048 re·
424 2041 534 2088 vidit,
561 2041 817 2090 nequicquam
841 2042 989 2078 detecta
1015 2041 1150 2078 fraude
1179 2042 1221 2078 in
1245 2055 1321 2080 cas-

95 2119 112 2139 2
130 2110 188 2141 tra
213 2105 338 2141 rediit.
400 2105 463 2141 Ibi
488 2105 618 2155 plures
647 2105 727 2142 dies
757 2110 913 2155 propter
938 2106 1108 2156 inopiam
1134 2095 1320 2144 frumenti

130 2182 281 2206 manere
320 2170 465 2218 nequit,
505 2183 682 2219 novaque
719 2171 879 2207 consilia
912 2171 953 2207 in
991 2171 1073 2208 dies
1105 2184 1183 2207 non
1215 2171 1320 2220 apud
