1403 2438
522 114 691 151 LIBER
729 113 849 152 XXI.
1194 132 1200 138 ·
1227 113 1271 149 11

89 212 170 249 dux
198 215 292 259 erat,
321 211 388 263 sed
413 215 522 261 pater
547 213 627 261 ipse
651 212 863 258 Hamilcar,
886 211 992 248 Mars
1011 211 1121 257 altor,
1143 214 1188 247 ut
1207 210 1273 247 isti

91 276 238 313 volunt.
299 275 373 313 Sed
406 276 584 319 Tarento,
615 277 655 313 id
684 280 743 312 cst
771 276 898 322 Italia,
928 288 1007 312 non
1037 275 1275 312 abstinuera-

89 353 174 377 mus
198 352 247 377 ex
271 340 423 385 soedcre,
447 341 547 377 sicut
575 352 679 376 nunc
706 339 879 389 Sagunto
905 329 989 376 non*
1007 338 1246 376 abstinemus
1260 351 1272 386 3
1314 333 1317 337 ’

88 404 266 442 vicerunt
291 417 380 454 ergo
405 404 461 440 dii
488 404 662 440 homines
688 408 738 450 et,
766 403 804 439 id
831 404 878 440 de
904 416 980 452 quo
999 403 1128 454 verbis
1155 403 1273 440 ambi·
1289 414 1305 439 9

87 470 260 519 gebatur,
292 473 381 506 uter
412 468 576 518 populus
610 468 731 505 foedus
763 468 942 517 rupisset,
980 471 1142 504 eventus
1179 467 1273 504 belli

89 533 199 570 velut
217 546 348 582 aequus
367 533 496 578 iudex,
518 532 620 568 unde
641 532 700 568 ius
715 533 856 578 stabat,
875 532 911 569 ei
929 532 1130 568 victoriam
1151 532 1268 576 dedit,

89 597 315 646 Carthagini
337 610 442 634 nunc
466 596 670 633 Hannibal
691 597 823 633 vineas
843 600 1045 645 turresque
1065 597 1244 633 admovet
1260 609 1270 643 ;
1291 615 1323 632 ιο

88 661 334 711 Carthaginis
356 661 498 698 moenia
522 661 651 710 quatit
671 661 799 698 ariete.
857 660 1024 710 Sagunti
1045 661 1166 698 ruinae
1188 661 1287 712 (fal--

85 739 151 763 sus
175 726 327 762 utinam
353 730 462 763 vates
488 725 576 775 sim)
604 726 755 762 nostris
773 725 965 775 capitibus
984 725 1169 772 incident,
1191 737 1272 762 sus-

85 795 316 840 ceptumque
349 803 437 827 cum
475 790 702 839 Saguntinis
739 790 885 835 bellum
922 789 1143 826 habendum
1182 802 1270 826 cum

85 854 273 891 Romanis
292 859 359 891 est.
418 854 614 891 Dedemus
639 867 728 903 ergo
754 853 1017 890 Hannibalem
1032 854 1045 891 2
1060 842 1177 890 >dicet
1205 853 1270 890 ali·
1289 871 1316 888 11

84 920 181 968 quis.
239 919 325 956 Scio
349 932 473 956 meam
497 919 621 955 levem
645 931 725 955 esse
745 919 786 954 in
806 931 850 955 eo
868 919 1140 955 auctoritatem
1159 931 1269 967 prop-

82 988 143 1020 ter
161 973 340 1033 paternas
359 983 584 1020 inimicitias
599 996 610 1029 3
632 983 698 1020 sed
717 987 757 1020 et
777 982 1042 1019 Hamilcarem
1061 995 1105 1019 eo
1124 982 1268 1032 perisse

82 1048 234 1085 laetatus
265 1060 362 1094 sum,
392 1048 504 1097 quod,
536 1048 567 1084 si
595 1047 660 1084 ille
689 1047 849 1094 viveret,
879 1047 1023 1084 bellum
1052 1047 1129 1084 iam
1155 1047 1267 1083 habe-

81 1124 209 1149 remus
224 1125 311 1149 cum
327 1112 524 1157 Romanis,
541 1116 581 1148 et
600 1112 703 1148 hunc
722 1112 904 1148 iuvenem
920 1115 1108 1161 tanquam
1123 1111 1267 1148 furiam

80 1175 278 1225 facemque
305 1175 420 1212 huius
448 1175 540 1212 belli
569 1176 632 1212 odi
659 1189 703 1213 ae
731 1176 901 1213 detestor
914 1176 1023 1224 stnec
1049 1176 1268 1213 dedendum
1288 1193 1318 1210 η

82 1240 206 1277 solum
225 1239 273 1277 ad
292 1226 486 1289 piacidum
502 1240 609 1289 rupti
623 1240 786 1287 foederis,
805 1240 881 1286 sed,
899 1240 932 1276 si
948 1253 1060 1277 nemo
1075 1240 1265 1290 deposcat,

81 1304 349 1346 devehendum
369 1296 588 1341 in‘ultimas
613 1305 730 1341 maris
755 1308 1024 1354 terrarumque
1050 1317 1144 1351 oras,
1169 1305 1270 1342 able-

81 1368 251 1418 gandum
289 1381 343 1414 eo,
384 1369 485 1405 uude
521 1381 591 1406 nec
624 1369 673 1404 ad
702 1381 771 1405 nos
803 1381 944 1405 nomen
973 1368 1153 1418 famaque
1184 1369 1266 1406 eius

80 1433 250 1470 accidere
277 1446 401 1482 neque
429 1433 494 1470 ille
522 1433 894 1482 sollicitare-quietae
923 1432 1091 1469 civitatis
1119 1436 1265 1469 statum

80 1497 211 1547 possit.
286 1497 370 1547 Ego
406 1497 463 1534 ita
499 1510 642 1543 censeo,
681 1497 828 1545 legatos
865 1496 1060 1546 extemplo
1098 1496 1264 1533 Romam
1284 1511 1314 1536 ¹3

80 1561 303 1608 mittendos,
337 1561 405 1610 qui
437 1561 589 1599 senatui
617 1561 883 1608 satisfaciant·
914 1561 1020 1624 alios,
1053 1561 1122 1610 qui
1155 1561 1265 1598 Han-

77 1622 199 1662 nibali
226 1625 422 1673 nuntient,
455 1629 501 1662 ut
537 1625 770 1662 exercitum
787 1626 835 1662 ab
873 1625 1047 1675 Sagunto
1083 1625 1261 1671 abducat,

76 1689 282 1747 ipsumque
311 1689 578 1727 Hannibalem
615 1703 665 1727 ex
701 1690 841 1728 soeclere
877 1689 1066 1727 Romanis
1096 1689 1263 1737 dedant3

78 1754 235 1791 tertiam
267 1754 499 1803 legationem
528 1755 578 1791 ad
609 1767 669 1792 res
700 1755 928 1804 Saguntinis
959 1753 1172 1791 reddendas
1202 1754 1264 1791 de-

77 1831 199 1856 cei-no
205 1818 225 1836 ''
235 1803 270 1852 [N
286 1818 417 1863 Quum
454 1819 602 1856 Hanno
638 1823 864 1868 perorisset,
904 1818 1052 1855 nemini
1088 1818 1260 1855 omnium
1282 1819 1330 1857 11

76 1885 222 1919 certare
249 1882 422 1920 oratione
445 1896 534 1920 cum
562 1896 606 1920 eo
631 1896 785 1921 necesse
804 1883 906 1930 fuit3
935 1883 1029 1919 adeo
1048 1895 1166 1932 prope
1185 1895 1262 1920 om·
1291 1923 1295 1928 ,

75 1946 136 1983 nis
163 1950 319 1984 senatus
338 1947 576 1985 Hannibalis
599 1951 692 1994 erat,
714 1948 969 1997 infestiusque
996 1976 1145 2001 mesenate
1157 1975 1263 2001 esem,

996 2007 1076 2036 thage
1103 2007 1208 2031 refused
1232 2009 1261 2031 to

75 2009 472 2065 locutumurguebant
485 2011 721 2048 Hannonem
734 2024 851 2061 quam
864 2011 969 2048 Flac·
995 2039 1056 2067 stay
1068 2038 1113 2061 une
1131 2037 1219 2062 acuon
1234 2038 1264 2062 or

74 2085 162 2110 cum
182 2072 398 2120 Valerium,
419 2073 589 2122 legatum
612 2073 844 2111 Romanum.
895 2073 970 2110 Re·
996 2068 1065 2092 ‘¹¹⁰¹‘
1077 2068 1192 2098 genem·
1278 2096 1294 2113 2

74 2149 256 2186 sponsum
287 2136 377 2174 inde
404 2137 540 2187 legatis
568 2137 756 2180 Romanis
784 2142 854 2185 est,
882 2138 1029 2174 bellum
1057 2141 1187 2175 ortum
1211 2139 1261 2176 ab

75 2200 312 2252 Saguntinis,
346 2213 426 2239 non
461 2202 510 2239 ab
548 2201 773 2239 Hannibale
809 2214 917 2250 esse3
958 2202 1146 2253 populum
1182 2202 1260 2240 Ro-
