1403 2438
495 104 662 141 LIBER
700 104 846 142 XXII.
1192 105 1264 141 125

79 203 221 240 milites
249 203 370 238 solum
403 204 544 238 mixtos
573 216 619 238 cx
648 202 862 238 colluvione
886 203 1057 238 oninium
1078 202 1264 250 gentium,

78 267 143 304 sed
164 267 278 304 etiarn
300 267 402 315 apud
424 267 557 303 ducem
580 267 704 315 ipsum
727 266 961 303 oriebantur.
1022 266 1057 302 N
1064 280 1123 302 ain
1146 278 1266 314 quum
1286 285 1300 308 3

80 331 192 368 initio
225 331 415 377 fremitus,
448 331 586 367 deinde
617 336 749 379 aperta
783 330 1006 367 vociferatio
1039 330 1176 367 fuisset
1206 343 1266 366 ex-

80 395 316 444 poscentium
356 395 591 444 stipendium
631 395 803 431 debitum
844 396 1166 443 querentiumque
1205 406 1266 430 an-

80 472 219 495 nonam
241 460 374 508 primo,
397 466 588 508 postremo
608 460 758 505 famem,
781 463 820 496 et
840 460 1092 496 mercenarios
1113 459 1266 504 milites,

82 523 249 560 maxime
280 523 447 572 Hispani
481 524 640 572 generis,
674 524 721 560 de
753 523 982 560 transitione
1015 524 1156 573 cepisse
1185 536 1267 560 con-

79 587 209 624 silium
239 588 342 624 fama
371 595 480 633 esset,
513 588 592 636 ipse
621 588 735 624 etiam
766 588 960 624 interdum
993 588 1193 624 Hannibal
1223 588 1269 623 dc
1290 605 1301 625 ⁴

82 652 172 701 fuga
190 652 231 688 in
252 651 417 688 Galliam
434 652 577 688 dicitur
595 653 768 702 agitasse,
791 653 845 689 ita
867 659 920 698 ut,
942 653 1074 689 relicto
1096 652 1268 702 peditatu

80 717 197 762 omni,
230 729 317 753 cum
343 717 540 765 equitibus
568 730 608 754 se
637 717 860 767 proriperet.
920 717 1047 762 Quum
1078 717 1156 753 liaec
1185 729 1268 753 con-
1287 732 1301 754 5

81 780 163 817 silia
203 786 320 830 atque
357 781 419 818 hic
462 781 616 818 habitus
654 783 868 819 animorum
909 788 1008 819 esset
1045 783 1083 818 in
1123 781 1267 827 castris,

83 858 235 882 movere
265 846 354 882 inde
388 847 530 883 statuit
561 848 601 883 in
632 847 813 884 calidiora
840 853 957 896 atque
986 860 1030 884 eo
1060 847 1270 883 maturiora

82 909 266 947 messibus
293 911 448 960 Apuliae
477 911 571 959 loca,
599 912 713 948 simul
742 919 796 958 uc,
822 925 897 961 quo
924 913 1075 960 longius
1094 913 1142 947 ab
1163 912 1270 947 hoste

82 975 307 1021 recessisset,
336 976 549 1025 transfugia
576 976 822 1025 impeditiora
850 977 999 1013 levibus
1028 977 1193 1025 ingeniis
1217 989 1270 1012 es-

81 1044 176 1078 sent.
237 1039 440 1077 Profectus
470 1045 529 1077 est
557 1046 668 1077 nocte
697 1041 851 1090 ignibus
881 1041 1061 1078 similiter
1080 1041 1191 1077 factis
1215 1045 1271 1076 ta·
1289 1055 1304 1077 6

83 1104 374 1154 bernaculisque
399 1106 531 1154 paucis
554 1106 594 1141 in
615 1106 778 1154 speciem
798 1105 953 1153 relictis,
976 1110 1022 1142 ut
1042 1106 1268 1142 insidiarum

82 1181 151 1218 par
178 1169 297 1218 priori
324 1174 450 1206 metus
475 1171 691 1207 contineret
722 1171 924 1207 Romanos.
985 1170 1059 1207 Sed
1086 1183 1154 1219 per
1179 1183 1270 1207 eun-
1289 1191 1303 1214 7

82 1233 166 1270 dem
189 1233 390 1270 Lucanum
407 1234 606 1271 Statilium
621 1235 802 1272 omnibus
816 1236 921 1272 ultra
941 1239 1066 1272 castra
1085 1239 1269 1285 transque

83 1290 232 1334 montes
259 1298 479 1348 exploratis,
511 1312 630 1349 quum
659 1300 823 1337 relatum
853 1305 962 1345 esset,
993 1300 1118 1336 visum
1137 1300 1269 1349 procul

83 1362 252 1399 hostium
272 1376 420 1412 agmen,
443 1368 526 1400 tum
557 1365 604 1401 de
629 1365 868 1414 insequendo
888 1378 932 1402 eo
952 1365 1112 1401 consilia
1131 1364 1271 1414 agitari

83 1431 216 1475 coepta.
273 1427 403 1472 Quum
436 1429 639 1478 utriusque
677 1429 844 1466 consulis
881 1429 1023 1475 eadem,
1064 1442 1148 1478 quae
1181 1432 1271 1465 ante
1290 1440 1305 1464 8

83 1504 242 1541 semper,
262 1492 400 1529 fuisset
418 1493 624 1540 sententia,
646 1499 816 1530 ceterum
838 1494 1009 1530 Varroni
1028 1493 1107 1529 fere
1126 1506 1269 1539 omneS‚

86 1556 208 1593 Paulo
228 1569 339 1594 nemo
361 1562 500 1606 praeter
534 1557 755 1604 Servilium,
781 1558 919 1608 prioris
942 1558 1035 1594 anni
1063 1558 1270 1603 consulem,

84 1621 347 1669 assentiretur,
376 1622 531 1660 maioris
559 1623 680 1672 partis
708 1624 900 1660 sententia
929 1623 977 1659 ad
1010 1622 1272 1659 nobilitandas
1287 1634 1304 1658 9

84 1686 190 1723 clade
210 1686 388 1724 Romana
407 1686 560 1724 Cannas
578 1693 742 1737 urgente
760 1688 842 1724 fato
860 1687 1019 1737 profecti
1039 1691 1139 1724 sunt.
1182 1686 1273 1723 Pro-
1294 1705 1324 1722 ιο
1345 1710 1348 1713 -

86 1764 132 1800 pe
151 1765 236 1788 eum
257 1752 387 1789 vicum
408 1752 610 1789 Hannibal
630 1757 754 1789 castra
779 1756 960 1802 posuerat
978 1764 1112 1788 aversa
1132 1764 1154 1787 a
1173 1751 1272 1787 Vul-

85 1820 202 1853 turno
217 1825 344 1865 vento,
362 1817 428 1867 qui
444 1818 589 1866 campis
603 1817 762 1854 torridis
777 1817 948 1854 siccitate
963 1817 1086 1854 nubes
1101 1816 1273 1865 pulveris

86 1881 203 1918 vehit.
265 1883 311 1919 Id
332 1895 452 1932 quum
472 1882 565 1931 ipsis
584 1883 718 1919 castris
743 1882 1053 1932 percommodum
1080 1882 1167 1925 fuit,
1187 1886 1272 1918 tuin
1296 1903 1321 1919 ιι

86 1946 252 1983 salutare
271 1946 460 1996 praecipue
478 1947 655 1984 futurum
671 1951 764 1993 erat,
779 1959 899 1996 quum
913 1946 1032 1983 aciem
1049 1946 1270 1995 dirigerent,
1291 1997 1294 2002 Α

85 2010 161 2060 ipsi
179 2010 316 2057 aversi,
337 2014 445 2060 terga
465 2014 621 2048 tantum
647 2011 803 2047 afflante
828 2015 955 2057 vento,
977 2011 1018 2047 in
1046 2015 1273 2047 occaecatum

86 2074 246 2124 pulvere
264 2074 386 2112 offuso
403 2074 554 2112 hostem
573 2076 794 2124 pugnaturi.

98 2132 102 2134 ’
168 2141 366 2188 Consules,
413 2141 505 2177 satis
551 2140 761 2190 exploratis
806 2139 1022 2187 itineribus,
1072 2143 1275 2189 sequentes
1293 2140 1344 2178 44

88 2205 264 2255 Poenum,
299 2211 346 2244 ut
375 2210 534 2244 ventum
569 2207 616 2243 ad
653 2205 807 2243 Cannas
839 2209 898 2242 est
927 2208 967 2242 et
995 2204 1037 2240 in
1070 2207 1275 2252 conspectu
