1455 2454
150 213 199 251 20
673 210 820 248 LIVII

146 310 435 361 disceptationis
464 323 522 347 res
550 313 658 356 esset,
689 309 783 359 quid
815 309 939 346 foedus
964 309 1222 348 Hasdrubalis
1247 324 1332 349 cum

146 375 296 412 Lutatii
329 375 455 424 priore
483 374 633 420 foedere,
664 374 767 423 quod
795 377 988 410 mutatum
1017 378 1085 421 est,
1118 388 1337 425 comparan-

111 459 126 483 3
145 440 237 476 dum
270 443 364 486 erat,
395 452 515 488 quum
547 438 590 475 in
623 438 773 475 Lutatii
810 438 951 476 foedere
988 439 1130 476 diserte
1161 440 1334 477 additum

144 508 254 550 esset,
276 503 332 540 ita
351 503 391 540 id
411 507 541 540 ratum
560 503 650 549 fore,
673 503 705 539 si
733 503 898 552 populus
923 503 1142 550 censuisset,
1169 503 1212 540 ’m
1237 504 1338 541 Has-

144 567 316 605 drubalis
335 568 475 604 foedere
494 580 564 604 nec
584 571 788 616 exceptum
814 567 890 604 tale
914 567 1120 616 quicquam
1146 567 1274 614 fuerit,
1297 571 1338 605 et

143 635 204 668 tot
237 645 426 668 annorum
465 631 619 668 silentio
654 631 708 667 ita
750 631 840 668 vivo
876 644 921 668 eo
958 632 1247 680 comprobatum
1283 631 1337 669 sit

143 695 276 742 foedus,
299 700 343 732 ut
368 709 418 733 ne
446 699 597 732 mortuo
624 695 778 745 quidem
805 699 960 732 auctore
985 695 1190 744 quicquam
1213 699 1336 732 muta·

109 777 124 800 4
143 761 274 797 retur'l
333 760 576 809 Quanquam,
609 760 682 796 etsi
713 760 838 809 priore
862 760 1003 796 foedere
1034 764 1212 807 staretur,
1239 760 1334 797 satis

142 827 299 860 caut-um
332 828 416 860 erat
447 823 682 873 Saguntinis),
716 824 827 860 sociis
860 827 1114 873 utrorumque
1142 824 1332 874 exceptis3

142 901 232 924 nam
260 901 385 937 neque
413 887 589 924 additum
619 891 703 924 erat
733 887 820 934 “iis,
851 887 918 936 qui
946 891 1040 924 tunc
1069 887 1230 935 essent,''
1250 901 1332 935 nec,

108 970 123 993 5
145 955 230 988 “ne
269 952 336 1000 qui
373 956 506 1001 postea
533 951 856 988 assumerentur.''
912 951 965 988 Et
993 964 1112 1001 quum
1140 965 1333 990 assumere

140 1029 259 1053 novos
292 1017 425 1052 liceret
462 1015 592 1062 socios,
637 1015 723 1064 quis
758 1028 909 1065 aequum
948 1019 1129 1063 censeret,
1173 1020 1242 1054 aut
1283 1018 1332 1054 ob

140 1081 249 1118 nulla
268 1093 499 1130 quemquam
519 1080 659 1116 merita
683 1080 725 1117 in
749 1080 959 1117 amicitiam
979 1080 1097 1130 recipi
1118 1084 1188 1118 aut
1205 1093 1330 1131 recep-

140 1150 200 1182 tos
220 1145 262 1181 in
288 1145 403 1181 fidem
426 1157 505 1181 non
525 1144 687 1190 defendi,
710 1147 863 1180 tantum
883 1156 932 1180 ne
953 1144 1328 1194 Carthaginiensium

143 1210 238 1247 socii
257 1213 326 1246 aut
345 1209 647 1246 sollicitarentur
667 1209 714 1245 ad
734 1208 986 1246 defectionem
1011 1213 1079 1246 aut
1104 1222 1174 1246 sua
1193 1213 1328 1259 sponte

141 1275 394 1312 desciscentes
412 1273 696 1322 reciperentur?

105 1357 121 1381 6
219 1338 356 1388 Legati
376 1337 544 1374 Romani
563 1338 611 1374 ab
633 1337 876 1387 Carthagine,
903 1337 1004 1374 sicut
1030 1338 1078 1374 iis
1104 1338 1238 1375 Romae
1261 1338 1329 1375 im·

137 1416 202 1470 ξιξ
215 1415 342 1469 ἑξοείηᾷξῇ]
359 1420 403 1468 ffi-
431 1405 607 1451 peratum
637 1406 730 1448 erat,
756 1402 798 1438 in
826 1402 1070 1451 Hispaniam,
1101 1406 1147 1438 ut
1176 1402 1330 1440 adirent

136 1454 404 1536 ffgffiffl‘ffssgssssfflt
431 1468 609 1506 civitates
634 1471 672 1504 et
696 1467 738 1503 in
763 1467 983 1503 societatem
1011 1466 1234 1515 pellicerent
1260 1472 1330 1505 aut

137 1527 278 1567 isntrffies,
436 1537 656 1570 averterent
701 1545 724 1569 a
761 1532 901 1578 Poenis,
942 1531 1185 1570 traiecerunt.
1259 1532 1326 1570 Ad

137 1597 345 1647 Bargusios
362 1598 530 1647 primum
551 1600 753 1643 venerunt,
776 1609 798 1633 a
817 1596 957 1645 quibus
975 1596 1142 1645 benigne
1161 1597 1323 1646 excepti,

136 1663 227 1712 quia
259 1663 426 1699 taedebat
457 1661 610 1711 imperii
643 1661 792 1707 Punici,
823 1661 966 1697 multos
995 1665 1102 1696 trans
1131 1660 1323 1698 Hiberum

103 1742 118 1766 8
135 1727 295 1776 populos
323 1727 372 1763 ad
400 1726 618 1775 cupidinem
647 1738 756 1762 novae
784 1725 948 1761 fortunae
982 1728 1199 1761 erexerunt·
1228 1756 1229 1759 ,
1256 1725 1324 1762 Ad

135 1791 344 1828 Volcianos
369 1790 460 1827 inde
483 1794 540 1827 est
568 1793 739 1835 vent-um,
771 1802 934 1839 quorum
964 1789 1110 1825 celebre
1137 1801 1206 1838 per
1233 1789 1325 1826 His-

134 1855 289 1905 paniam
308 1867 533 1904 responsum
553 1857 697 1891 ceteros
716 1853 878 1903 populos
902 1854 951 1890 ab
976 1853 1158 1890 societate
1183 1853 1324 1890 Roma-

133 1933 185 1956 na
203 1920 355 1958 avertit.
413 1920 479 1955 Ita
497 1918 600 1955 enim
619 1918 812 1954 maximus
831 1921 928 1954 natu
947 1930 997 1954 ex
1023 1917 1072 1954 iis
1097 1917 1140 1953 in
1161 1917 1322 1954 concilio

100 2004 115 2028 9
133 1984 349 2034 respondit:
385 1983 508 2028 “Quae
542 1982 774 2019 verecundia
807 1986 874 2029 est,
911 1981 1090 2028 Romani,
1125 1981 1321 2031 postulare

132 2062 210 2095 vos,
236 2048 296 2085 uti
323 2051 491 2085 vestram
520 2047 898 2096 Carthaginiensium
924 2046 1102 2083 amicitiae
1127 2058 1321 2095 praepona-

131 2126 227 2159 mus,
258 2126 389 2162 quum,
420 2111 488 2161 qui
514 2112 555 2148 id
581 2111 766 2158 fecerunt,
797 2111 1000 2157 crudelius,
1031 2123 1146 2160 quam
1176 2110 1319 2147 Poenus

82 2200 114 2218 10
131 2177 252 2215 hostis
284 2177 464 2227 perdidit,
496 2189 564 2213 vos
597 2175 688 2213 socii
725 2175 989 2225 prodideritis3
1043 2174 1108 2211 Ibi
1139 2174 1319 2224 quaeratis

131 2242 250 2278 socios
278 2254 421 2287 censeo,
452 2240 519 2277 ubi
548 2240 764 2289 Saguntina
796 2241 921 2277 clades
949 2240 1083 2289 ignota
1115 2242 1174 2276 est
1181 2251 1194 2286 3
1222 2238 1317 2275 His-

130 2305 241 2356 panis
268 2305 422 2355 populis
451 2305 552 2342 sicut
578 2305 751 2354 lugubre,
781 2305 838 2342 ita
865 2304 1016 2355 insigne
1044 2304 1316 2342 documentum

104 1559 119 1583 7
