1403 2438
492 131 660 168 LIBER
698 131 815 170 XXI.
1191 135 1238 169 (35

53 228 183 266 omnia
207 228 475 278 perscindente
501 235 616 265 vento
641 235 680 265 ct
699 229 882 278 rapiente.
944 229 998 265 Et
1025 242 1111 266 mox
1139 241 1237 278 aqua
1261 241 1277 265 s

55 292 180 329 levata
200 297 315 330 vento
335 305 453 342 quum
474 306 588 342 super
602 293 728 342 gelida
743 295 934 330 montium
954 293 1044 343 iuga
1063 298 1239 331 concreta

52 361 162 403 esset,
195 361 349 394 tantum
390 357 531 394 nivosae
563 357 764 406 grandinis
797 357 945 403 deiecit,
979 362 1024 394 ut
1060 357 1239 394 omnibus

53 421 203 458 omissis
231 422 527 470 procumberent
556 421 740 467 homines,
762 421 998 470 tegminibus
1019 422 1098 459 suis
1118 422 1239 471 magis

52 485 182 523 obruti
210 496 334 535 quam*
356 486 472 532 teoti;
501 489 685 534 tantaque
715 485 772 521 vis
798 485 950 534 frigoris
977 486 1150 523 insecuta
1169 490 1238 530 est,
1258 505 1275 530 9

54 554 99 586 ut
125 562 175 586 ex
202 549 270 586 ina
299 549 509 586 miserabili
534 548 734 585 hominum
754 549 1092 599 iumentorumque
1112 555 1239 599 strage

53 627 171 664 quum
197 627 237 652 se
263 614 425 664 quisque
451 614 635 651 extollere
661 627 704 651 ac
724 614 851 652 levare
871 615 998 661 vellet,
1022 615 1088 651 diu
1110 617 1239 665 nequi-

53 684 123 725 ret,
148 679 240 728 quia
267 679 513 728 toi-pentibus
540 679 664 728 rigore
690 679 831 724 nervis,
854 679 923 715 vix
954 680 1105 717 flectere
1131 683 1239 716 artus

53 748 242 793 poterant.
303 743 466 790 Deinde,
499 747 544 780 ut
575 742 731 779 tandem
761 743 945 792 agitando
974 756 1055 780 sese
1085 756 1239 781 movere
1259 761 1290 778 ιο

51 819 96 844 ac
123 807 291 856 recipere
314 807 464 843 animos
487 811 527 844 et
546 806 644 843 raris
666 806 759 843 locis
778 806 879 856 ignis
899 806 982 843 fieri
1002 811 1060 843 est
1080 811 1237 856 coeptus,

51 871 100 908 ad
125 871 291 908 alienam
320 884 431 920 opem
457 872 619 920 quisque
648 870 758 920 inops
777 870 945 907 tendere.
1005 870 1176 907 Biduum
1196 884 1240 908 eo
1260 886 1288 903 ιι

52 937 133 974 loco
171 936 279 973 velut
316 937 458 973 obsessi
496 947 695 981 mansere3
735 934 852 971 multi
889 935 1075 981 homines,
1115 935 1241 972 multa

52 1000 236 1046 iumenta,
266 1000 460 1050 elephanti
489 1012 640 1048 quoque
668 1012 716 1036 ex
746 999 803 1045 iis,
829 998 896 1048 qui
923 998 1056 1047 proelio
1079 999 1128 1035 ad
1152 999 1240 1037 Tre—

53 1064 155 1102 biam
175 1065 276 1101 iacto
299 1065 579 1113 superfuerant,
601 1068 745 1113 septem
766 1064 972 1112 absumpti.

132 1131 343 1180 Degressus
377 1129 611 1178 Appennino
639 1132 743 1165 retro
772 1128 821 1164 ad
847 1126 1087 1164 Placentiam
1116 1132 1240 1165 castra
1259 1127 1306 1164 59

53 1192 185 1242 movit,
220 1195 260 1228 et
302 1191 350 1228 ad
396 1191 525 1228 decem
562 1190 685 1226 millia
725 1201 947 1238 progressus
975 1203 1110 1229 Remmin
1200 1204 1240 1227 to-

52 1256 232 1294 consedit.
305 1256 464 1293 Postero
497 1255 559 1292 die
591 1254 793 1292 duodecim
825 1253 946 1289 millia
974 1235 1084 1290 ileariigd
1105 1234 1241 1289 aixacierl'ciss

54 1321 237 1370 peditum,
258 1320 430 1370 quinque
457 1320 634 1369 equitum
656 1319 839 1356 adversus
866 1318 948 1354 hos-
975 1297 1241 1357 ssssfiesefflfflffif

53 1391 131 1423 tem
170 1386 303 1432 ducit;
345 1397 415 1422 nec
452 1384 702 1434 Sempronius
739 1382 873 1420 consul
911 1382 1004 1432 (iam
1041 1379 1146 1417 enim
1183 1392 1238 1415 re·
1255 1396 1271 1413 2

52 1451 178 1489 dierat
217 1452 267 1488 ab
311 1449 452 1498 Roma)
491 1448 722 1486 detrectavit
760 1452 962 1488 certamen,
1021 1449 1156 1496 Atque
1195 1458 1239 1483 eo

52 1516 115 1553 die
140 1516 217 1553 tria
236 1514 360 1552 milh'a
387 1526 569 1563 passuum
598 1513 701 1550 inter
727 1513 821 1549 bina
846 1516 972 1549 castra
998 1512 1105 1548 fuere
1118 1525 1128 1559 ς
1155 1522 1237 1559 pos·
1255 1530 1270 1554 3

55 1585 134 1616 tero
155 1579 216 1615 die
234 1577 458 1627 ingentibus
477 1576 626 1622 animis,
644 1575 751 1612 vario
771 1579 915 1612 eventu
930 1578 1148 1624 pugnatum
1167 1577 1234 1611 est.

55 1643 186 1680 Primo
216 1654 403 1680 concursu
435 1641 530 1678 adeo
559 1654 619 1678 res
652 1641 831 1677 Romana
862 1639 1036 1688 superior
1073 1638 1161 1685 fuit,
1193 1641 1239 1675 ut

53 1719 129 1744 non
157 1707 238 1744 acie
257 1707 456 1744 vincerent
483 1705 618 1752 solum,
639 1704 706 1741 sed
734 1704 862 1754 pulsos
890 1703 1018 1740 hostes
1042 1703 1085 1739 in
1113 1707 1239 1740 castra

53 1775 384 1821 persequerentur,
405 1783 497 1807 mox
512 1774 637 1806 castra
650 1781 803 1818 quoque
818 1771 1095 1818 oppugnarent.
1129 1767 1238 1803 Han—
1253 1785 1268 1808 ⁴

55 1835 170 1883 nibal,
191 1835 324 1885 paucis
350 1833 702 1884 propugnatoribus
729 1833 771 1869 in
790 1831 894 1869 vallo
919 1831 1116 1881 portisque
1141 1830 1237 1880 posi—

53 1902 116 1946 tis,
145 1905 290 1938 ceteros
323 1900 514 1938 confertos
543 1899 585 1936 in
620 1898 745 1936 media
774 1902 900 1935 castra
929 1896 1083 1945 recepit,
1113 1895 1237 1931 inten-
1295 1924 1300 1930 ,

53 1969 188 2014 tosque
207 1964 358 2014 signum
378 1964 428 2001 ad
446 1963 727 2013 erumpendum
745 1965 965 2011 exspectare
983 1960 1101 1996 iubet.
1150 1958 1237 1995 Iam
1254 1979 1268 2003 5

52 2041 154 2066 nona
183 2028 302 2066 ferme
330 2028 408 2065 diei
436 2027 531 2065 hora
563 2031 656 2073 erat,
689 2039 808 2076 quum
843 2025 1053 2070 Romanus,
1085 2021 1238 2071 nequio-

51 2106 167 2143 quam
182 2093 344 2142 fatigato
363 2092 498 2138 milite,
515 2098 719 2141 postquam
738 2090 847 2126 nulla
863 2101 947 2137 spes
962 2091 1046 2124 erat
1057 2086 1236 2136 potiundi

51 2156 197 2203 castris,
229 2157 384 2206 signum
415 2155 587 2204 receptui
618 2154 734 2191 dedit.
794 2153 907 2199 Quod
936 2152 1002 2188 ubi
1032 2149 1234 2187 Hannibal
1253 2162 1270 2187 6

51 2219 198 2268 aceepit
216 2219 463 2267 laxatamque
478 2230 647 2267 pugnam
667 2221 707 2254 et
725 2229 915 2253 recessum
935 2227 958 2251 a
976 2213 1110 2251 castris
1128 2213 1236 2260 vidit,

1102 2290 1120 2310 ν

163 2305 200 2336 O.
221 2305 259 2337 L.
1099 2310 1122 2328 υ
