1403 2438
507 116 675 152 LIBER
714 115 855 154 XXII.
1202 113 1271 150 121

93 215 250 260 Atilius,
285 214 451 264 proximi
483 214 666 260 consules,
703 213 801 259 vide,
833 212 1153 262 quemadmodum
1187 223 1274 248 eum

91 278 276 316 ludificati
313 279 401 315 sint.
463 279 558 315 Haec
595 291 673 314 una
705 277 842 314 salutis
872 281 930 313 est
962 276 1034 319 via,
1066 275 1107 312 L.
1142 275 1275 319 Paule,

88 356 203 393 quam
241 343 434 380 difficilem
467 343 723 391 infestamque
755 342 856 378 cives
893 341 965 377 tibi
1004 341 1124 390 magis
1160 352 1275 389 quam

89 408 216 445 hostes
235 407 387 445 facient.
447 408 555 444 Idem
583 407 686 443 enim
718 406 788 452 tui,
810 406 911 454 quod
935 405 1103 442 hostium
1135 404 1276 440 milites
1295 414 1325 439 18

89 472 243 520 volent3
271 472 373 508 idem
395 472 521 508 Varro
550 471 682 508 consul
711 470 922 516 Romanus,
943 470 1045 518 quod
1076 468 1276 505 Hannibal

89 537 232 574 Poenus
263 537 475 585 imperator
511 535 649 584 cupiet.
710 535 870 571 Duobus
900 534 1061 570 ducibus
1090 546 1190 569 unus
1219 546 1275 569 re-

86 601 198 638 sistas
235 605 397 649 oportet.
458 600 628 636 Resistes
665 603 806 643 autem,
842 598 876 635 si
912 599 1096 635 adversus
1134 598 1275 633 famam

88 677 333 714 minoresque
352 664 552 702 hominum
572 664 665 700 satis
685 663 818 700 firmus
837 663 1000 709 steteris,
1023 662 1053 699 si
1084 667 1122 699 te
1152 675 1276 711 neque

88 729 240 779 collegae
263 742 364 766 vana
390 729 513 778 gloria
540 741 665 778 neque
694 733 762 764 tua
789 728 884 764 falsa
912 727 1072 764 infamia
1099 727 1271 764 moverit.

89 793 305 831 Veritatem
333 794 505 830 laborare
533 793 649 829 nimis
677 806 774 841 saepe
803 793 924 838 aiunt,
955 792 1152 840 exstingui
1180 805 1326 834 nun-19

86 871 211 908 quam.
279 859 425 896 Vanam
446 859 606 908 gloriam
633 858 700 907 qui
729 857 926 906 spreverit,
952 870 1079 893 veram
1106 857 1272 894 habebit.

87 923 190 969 Sine,
213 923 393 960 timidum
412 937 482 973 pro
509 928 634 970 cauto,
655 924 808 960 tardum
839 935 907 972 pro
936 922 1186 966 considerato,
1210 923 1276 957 im·
1294 939 1326 954 20

89 986 224 1024 bellem
246 999 314 1036 pro
333 987 457 1036 perito
476 987 567 1023 belli
588 992 735 1024 vocent.
786 987 905 1033 Malo,
927 992 965 1022 te
985 986 1136 1035 sapiens
1156 986 1275 1022 hostis

88 1056 246 1099 metuat,
267 1065 382 1101 quam
403 1051 515 1088 stulti
541 1051 643 1088 cives
670 1052 838 1089 laudent.
898 1051 1039 1088 Omnia
1068 1051 1273 1087 audentem

85 1119 307 1152 contemnet
339 1115 552 1162 Hannibal,
589 1116 688 1152 nihil
722 1121 864 1152 temere
899 1119 1074 1165 agentem
1114 1119 1270 1151 metuet.

86 1179 169 1215 Nec
196 1191 276 1228 ego,
302 1183 349 1216 ut
376 1179 473 1216 nihil
503 1184 651 1229 agatur,
681 1180 832 1227 suadeo,
862 1180 927 1216 sed
958 1185 1002 1215 ut
1030 1185 1206 1228 agentem
1238 1185 1275 1216 te
1294 1197 1320 1213 ει

86 1242 185 1296 ratio
213 1243 339 1289 ducat,
375 1256 452 1280 non
482 1244 664 1291 fortuna;
705 1249 780 1280 tuae
814 1244 1016 1293 potestatis
1053 1256 1202 1292 semper
1233 1248 1274 1280 tu

87 1312 228 1358 tuaque
258 1309 390 1346 omnia
422 1309 502 1346 sint
516 1323 527 1356 3
560 1315 731 1346 armatus
764 1311 1014 1358 intentusque
1048 1309 1123 1355 sis;
1151 1321 1275 1357 neque

85 1372 270 1409 occasioni
296 1377 373 1410 tuae
400 1373 499 1410 desis
527 1387 651 1422 neque
677 1386 783 1410 suam
812 1373 1046 1410 occasionem
1071 1373 1172 1409 hosti
1196 1373 1271 1410 des.

85 1437 228 1475 Omnia
246 1449 325 1474 non
344 1438 568 1486 properanti
587 1437 688 1474 clara
714 1442 892 1486 certaque
911 1442 1048 1482 erunt5
1079 1437 1275 1473 festinatio
1295 1458 1324 1474 22

85 1501 302 1550 improvida
321 1505 378 1538 est
398 1506 437 1538 et
456 1501 586 1538 caeca.”

164 1567 364 1603 Adversus
401 1579 446 1603 ea
473 1567 596 1604 oratio
624 1567 791 1603 consulis
820 1567 923 1603 haud
951 1579 1043 1603 sane
1073 1567 1159 1602 laeta
1188 1566 1274 1612 fuit,
1292 1570 1343 1607 40

85 1631 204 1679 magis
223 1630 382 1668 fatentis
401 1644 457 1676 ea,
478 1644 563 1680 quae
583 1631 736 1677 diceret,
754 1645 846 1668 vera
864 1644 979 1680 quam
1010 1656 1275 1686 butisnotsanguine

84 1694 211 1732 facilia
239 1695 344 1732 factu
375 1708 464 1733 esse.
526 1696 720 1732 Dictatori
753 1696 978 1744 magistmm
1009 1687 1161 1712 ofsuccess.

86 1758 260 1808 equitum
291 1759 573 1797 intolerabilem
606 1760 748 1807 fuisse3
786 1760 879 1809 quid
913 1760 1061 1796 consuli
1091 1761 1275 1797 adversus

84 1812 267 1872 collegam
293 1823 520 1860 seditiosum
545 1837 589 1860 ac
613 1825 859 1861 temerarium
887 1824 1028 1860 virium
1056 1829 1172 1873 atque
1191 1838 1275 1861 auc-

85 1888 253 1924 toritatis
267 1888 372 1926 fore?
413 1888 462 1925 Se
481 1889 664 1938 populare
685 1889 906 1925 incendium
926 1889 1052 1938 priore
1072 1890 1275 1926 consulatu
1292 1905 1308 1930 3

1294 1728 1308 1744 2

83 1956 295 1988 semustum
322 1952 501 2001 effugisse
515 1967 524 2000 3
553 1957 697 2002 optare,
727 1958 772 1990 ut
794 1953 922 1989 omnia
942 1966 1120 2002 prospere
1149 1954 1275 1990 eveni-
1299 1985 1302 1991 ,

85 2020 196 2062 rent3
237 2016 303 2053 sed
335 2017 368 2053 si
404 2017 498 2066 quid
536 2017 688 2054 adversi
716 2018 878 2064 caderet,
909 2017 1078 2054 hostium
1111 2030 1151 2054 se
1188 2018 1274 2055 telis

83 2079 211 2128 potius
236 2092 352 2130 quam
382 2081 575 2130 suffragiis
607 2082 795 2118 iratorum
826 2082 970 2118 civium
1010 2086 1126 2131 caput
1154 2082 1275 2119 obiec-

85 2147 227 2181 turum.

162 2209 230 2246 Ab
258 2209 328 2246 hoc
355 2223 528 2247 sermone
557 2210 768 2260 profectum
798 2211 963 2248 Paulum
991 2211 1163 2258 tradunt,
1190 2224 1273 2261 pro-
1294 2236 1307 2256 4
