1455 2454
114 162 163 196 72>
636 153 777 190 LIVJJ

493 541 558 587 LI
573 540 716 587 BER
763 540 932 586 XXII.

118 764 195 800 IAM
218 776 285 798 ver
304 760 535 810 appetebat3
564 758 696 806 itaque
726 757 927 795 Hannibal
956 770 1005 793 ex
1030 756 1202 793 hibernis
1227 768 1304 792 mo-

119 854 253 878 namfibal
285 860 362 877 move
364 853 380 876 d
410 824 479 869 vit,
515 828 554 860 et
585 822 841 871 nequicquam
874 825 964 857 ante
993 825 1152 857 conatus
1180 825 1303 857 trans-

118 885 191 914 carly
196 884 265 908 from
273 885 313 907 his
320 884 381 906 win—

119 918 158 939 ter
183 916 288 939 uarters
297 915 383 937 where

117 944 384 1005 {ffssggdbsssssstssss}
409 952 495 988 ibus
522 956 561 988 et
580 965 669 988 cum
695 951 846 999 ingenti
872 950 1044 998 periculo
1069 954 1243 986 moratus
1261 962 1304 986 ac

86 1043 99 1058 2
117 1007 163 1030 the
176 1006 269 1030 G³u¹⁵'
412 1020 527 1053 metu.
589 1015 705 1060 Galli,
726 1028 821 1064 quos
842 1015 977 1064 praedae
998 1006 1303 1063 populationum·

119 1091 193 1125 que
212 1077 432 1114 conciverat
451 1090 546 1127 spes,
569 1081 772 1126 postquam
794 1089 862 1125 pro
881 1089 936 1121 eo,
956 1081 1002 1112 ut
1020 1076 1093 1124 ipsi
1113 1088 1161 1111 ex
1180 1075 1306 1111 alieno

120 1154 211 1190 agro
230 1146 411 1190 raperent
430 1145 673 1190 agerentque,
697 1154 783 1177 suas
808 1145 930 1177 terras
957 1141 1085 1177 sedem
1110 1140 1202 1177 belli
1226 1151 1306 1176 esse

121 1205 320 1254 premique
340 1206 543 1255 utriusque
563 1205 685 1254 partis
711 1205 951 1241 exercituum
970 1203 1143 1241 hibernis
1163 1203 1304 1249 videre,

87 1290 100 1314 3
121 1272 324 1305 verterunt
344 1273 446 1305 retro
467 1269 507 1304 in
526 1268 791 1305 Hannibalem
810 1269 858 1304 ab
878 1268 1066 1304 Romanis
1085 1268 1192 1314 odia3
1212 1266 1306 1316 peti-

122 1337 263 1381 tusque
282 1345 380 1382 saepe
396 1333 616 1382 principum
628 1333 788 1379 insidiis,
804 1333 975 1381 ipsorum
991 1334 1092 1369 inter
1106 1345 1145 1369 se
1159 1332 1306 1378 fraude,

122 1397 255 1434 eadem
282 1398 453 1444 levitate,
476 1411 553 1447 qua
580 1402 863 1444 consenserant,
884 1409 1111 1434 consensum
1138 1396 1307 1434 indican-

413 888 572 924 cendere
591 886 875 936 Appenninum
894 885 1148 922 intolerandis
1171 885 1305 934 frigor-

124 1464 234 1509 tium,
269 1467 445 1499 servatus
476 1467 569 1507 erat,
590 1468 629 1500 et
657 1463 844 1499 mutando
876 1475 981 1499 nunc
1015 1466 1173 1508 vestem,
1205 1474 1308 1498 nunc

122 1531 347 1575 tegumenta
374 1527 521 1576 capitis,
543 1540 670 1564 errore
698 1528 814 1564 etiam
844 1540 923 1564 sese
949 1528 997 1564 ab
1023 1526 1175 1564 insidiis
1200 1539 1308 1562 mun-

88 1613 104 1636 4
121 1592 230 1628 ierat.
290 1591 471 1628 Ceterum
498 1593 560 1629 hic
586 1605 737 1642 quoque
760 1593 796 1629 ei
821 1592 939 1629 timor
957 1605 1071 1629 causa
1089 1592 1166 1629 fuit
1185 1595 1308 1628 matu-

123 1657 203 1694 rius
221 1657 403 1693 movendi
423 1670 472 1693 ex
490 1657 671 1694 hibernis.

203 1720 279 1757 Per
297 1721 399 1756 idem
412 1725 565 1771 tempus
586 1723 654 1759 Cn.
675 1722 861 1759 Servilius
878 1722 1010 1759 consul
1024 1722 1158 1758 Romae
1177 1721 1308 1758 idibus

89 1803 103 1826 5
125 1803 161 1826 At
189 1802 276 1826 Rome
304 1802 387 1825 mex-:s
415 1787 572 1824 Martiis
609 1788 879 1836 magistratum
917 1787 1017 1823 iniit.
1080 1786 1144 1822 Ibi
1190 1798 1310 1835 quum

122 1832 209 1857 minds
221 1839 289 1856 were
309 1833 388 1856 excit-
653 1852 660 1859 ‚
861 1851 869 1858 ,
1053 1850 1060 1857 .
1272 1850 1279 1857 ,

122 1864 154 1888 ed
167 1863 254 1893 hythe
264 1862 387 1886 ominans
415 1852 463 1888 de
490 1865 531 1888 re
556 1851 709 1900 publica
737 1851 960 1896 rettulisset,
981 1850 1245 1899 redintegrata
1269 1862 1311 1886 m

123 1894 313 1953 {fllgffieiffgpn
362 1892 391 1916 of
417 1917 458 1954 G.
481 1916 719 1953 Flaminium
744 1915 894 1951 invidia
922 1919 1004 1953 est:
1033 1915 1128 1951 duos
1157 1927 1196 1951 se
1225 1926 1311 1951 con-

124 1983 226 2021 sules
254 1995 410 2028 creasse,
443 1994 567 2018 unum
599 1980 766 2025 habere3
805 1980 908 2028 quod
940 1979 1043 2016 enim
1075 1979 1134 2015 illi
1163 1979 1312 2018 iustum

91 2061 107 2086 6
123 2048 338 2097 imperium,
375 2047 478 2096 quod
511 2045 721 2094 auspicium
759 2045 868 2080 esse‘l
936 2043 1190 2093 Magistratus
1217 2042 1258 2079 id
1289 2055 1313 2079 a

125 2112 246 2158 domo,
277 2111 441 2160 publicis
478 2110 718 2159 privatisque
764 2108 980 2157 penatibus,
1015 2107 1168 2144 Latinis
1205 2106 1313 2144 feriis

125 2176 231 2221 actis,
260 2175 446 2211 sacrificio
475 2174 516 2210 in
540 2178 671 2210 monte
696 2171 878 2221 perfecto,
905 2171 1005 2208 votis
1033 2171 1107 2207 rite
1131 2171 1174 2206 in
1203 2170 1314 2220 Capi-

92 2254 107 2278 7
125 2238 218 2276 tolio
246 2237 492 2285 nuncupatis,
513 2249 643 2273 secum
670 2235 795 2281 ferre3
822 2247 892 2271 nec
919 2235 1115 2283 privatum
1143 2233 1314 2283 auspicia

1429 2378 1455 2454 1.νέιᾷᾸή
