1403 2438
522 118 691 154 LIBER
728 116 846 155 XXI.
1223 113 1272 152 55

84 217 288 262 habebant,
309 218 358 262 et,
380 216 501 253 sicubi
521 220 694 253 conserta
715 216 826 253 navis
844 218 952 260 esset,
974 213 1272 263 haudquaquam

85 295 154 332 par
173 293 356 318 numerus
384 284 618 317 armatorum
648 294 696 316 ex
725 294 768 316 oa
794 279 1001 328 pugnabat.
1069 277 1181 322 Quod
1207 277 1274 313 ubi
1291 290 1308 314 ⁴

84 346 393 383 animadversum
425 349 492 391 est,
528 349 567 381 et
601 344 787 380 Romanis
817 343 1031 379 multitudo
1061 354 1131 378 sua
1162 341 1275 378 auxit

83 411 256 448 animum
291 414 329 446 et
359 409 531 459 paucitas
562 409 639 444 illis
672 408 824 444 minuit.
888 406 1094 455 Extemplo
1127 409 1272 454 septem
1292 417 1306 442 s

85 487 202 511 naves
232 474 388 511 Punic-ze
421 474 716 518 circumventae;
748 472 875 520 fugam
911 475 1046 507 ceterae
1076 473 1270 518 ceperunt.

89 538 201 576 Mille
231 542 271 575 et
303 537 537 587 septingenti
570 537 676 573 fuere
707 536 748 572 in
779 535 942 572 navibus
975 535 1098 583 captis
1130 533 1274 570 milites

84 605 302 650 nautaeqoe,
321 602 360 638 in
375 601 435 638 his
455 606 533 637 tres
552 601 698 637 nobiles
713 599 1100 648 Carthaginiensium.
1134 597 1274 635 Classis
1291 612 1308 638 6

89 665 265 702 Romana
290 665 502 712 incolumis,
524 678 602 701 una
622 669 774 701 tantum
803 663 995 713 perforata
1013 662 1116 710 navi,
1138 661 1204 698 sed
1230 674 1274 698 ea

89 742 239 779 quoque
258 729 342 779 ipsa
360 730 509 775 reduce,
531 729 571 765 in
592 735 746 778 portum
766 729 891 765 rediit.

163 793 381 830 Secundum
408 793 505 830 hanc
530 806 710 842 pugnam,
733 793 902 829 nondum
928 791 1060 841 gnaris
1086 790 1178 837 eius,
1203 790 1270 840 qui
1293 797 1307 822 7

83 857 271 894 Messanae
308 861 429 903 erant,
465 858 521 894 Ti.
559 857 808 906 Sempronius
845 857 974 894 consul
1005 870 1061 893 The
1083 869 1176 894 consul
1199 869 1272 893 Sem-

87 921 305 958 Messauam
344 922 461 960 venit.
541 921 589 957 Ei
626 922 768 957 fretum
811 921 976 958 intranti
1004 906 1115 960 {aiiiissr'ss}
1140 906 1272 959 oiecfiiiiii

251 986 257 992 ι
601 985 607 992 Ι
1004 961 1067 991 help
1103 961 1173 985 from
1210 961 1273 991 king

82 998 152 1022 rex
203 985 326 1022 Hiero
381 985 536 1022 classem
591 991 817 1022 mser-actam
871 999 977 1022 orna·
1006 991 1098 1021 Hiero,

85 1053 237 1098 tamque
265 1049 418 1085 obviam
457 1049 583 1094 (luxit,
625 1053 957 1098 transgressusque
994 1063 1043 1086 ex
1088 1051 1193 1099 regia
1230 1051 1272 1087 in
1291 1069 1306 1094 8

81 1113 302 1162 praetoriam
331 1125 482 1160 navem,
512 1113 731 1162 gratulatus
763 1114 946 1162 sospitem
979 1127 1066 1151 cum
1098 1115 1272 1151 exercitu

81 1181 121 1214 et
138 1176 303 1222 navibus
321 1177 532 1224 advenisse,
548 1181 798 1227 precatusque
818 1190 1040 1227 prosperum
1061 1192 1103 1215 ac
1122 1179 1284 1216 felicem-

81 1241 123 1278 in
162 1241 333 1278 Siciliam
361 1241 581 1289 transitum,
613 1246 758 1278 statum
787 1242 925 1279 deinde
953 1243 1087 1280 insulae
1116 1247 1155 1280 et
1184 1243 1272 1280 Car-
1289 1263 1305 1287 9

80 1305 384 1354 thaginiensium
415 1310 551 1342 conata
581 1306 772 1354 exposuit,
797 1307 1068 1356 pollicitusque
1095 1311 1164 1352 est,
1195 1320 1272 1356 quo

80 1369 210 1406 animo
233 1369 359 1418 priore
386 1369 486 1406 bello
515 1370 700 1418 populum
729 1370 951 1407 Romanum
984 1371 1136 1408 iuvenis
1166 1372 1272 1408 adiu-

80 1433 210 1479 visset,
231 1445 275 1470 eo
293 1445 423 1470 senem
444 1433 665 1470 adiuturum
676 1447 686 1480 ,-
706 1434 948 1471 frumentum
962 1437 1270 1486 vestimentaque
1290 1452 1321 1469 10

79 1509 160 1533 sese
179 1496 394 1546 legionibus
414 1497 581 1534 consulis
605 1499 791 1547 sociisque
816 1499 1020 1536 navalibus
1038 1501 1159 1549 gratis
1178 1514 1271 1550 prae-

80 1560 252 1596 biturum
262 1574 273 1608 3
293 1561 438 1609 grande
458 1561 671 1610 periculum
685 1562 859 1611 Lilybaeo
878 1563 1161 1614 maritimisque
1181 1565 1272 1602 civi-

79 1624 227 1661 tatibus
253 1637 344 1671 esse,
366 1628 405 1661 et
433 1625 664 1674 quibusdam
692 1627 915 1664 volentibus
943 1641 1063 1665 novas
1092 1641 1150 1666 res
1174 1629 1267 1667 fore.
1306 1668 1308 1671 ,

80 1687 140 1724 Ob
169 1688 250 1725 haec
277 1689 428 1725 consuli
455 1690 555 1726 nihil
584 1691 844 1727 cunctandum
873 1691 1011 1738 visum,
1039 1693 1135 1741 quin
1162 1693 1269 1743 Lily-
1288 1716 1317 1734 u

78 1751 201 1788 baeum
221 1752 339 1789 classe
360 1757 518 1802 peteret.
577 1754 630 1790 Et
650 1768 718 1792 rex
738 1755 919 1804 regiaque
939 1756 1069 1793 classis
1088 1770 1166 1794 una
1185 1771 1269 1807 pro-

77 1816 178 1853 fecti.
223 1816 464 1865 Navigantes
483 1818 584 1864 inde,
606 1822 821 1867 pugnatum
839 1820 887 1856 ad
909 1819 1127 1869 Lilybaeum
1146 1821 1268 1859 fusas-

78 1893 152 1930 que
185 1884 225 1917 et
256 1885 387 1929 captas
417 1881 587 1918 hostiurn
620 1895 750 1930 naves,
782 1896 968 1932 accepere.
1027 1885 1068 1921 A
1097 1885 1267 1934 Lilybaeo
1287 1889 1334 1929 51

77 1944 222 1992 consul,
256 1944 431 1982 Hierone
464 1958 550 1983 cum
582 1947 701 1984 classe
733 1948 839 1997 regia
871 1948 1029 1985 dimisso
1058 1949 1267 1999 relictoque

76 2014 240 2059 praetore
258 2009 307 2046 ad
325 2010 510 2046 tuendam
524 2011 662 2048 Siciliae
682 2025 798 2058 oram,
820 2012 956 2062 ipsein
975 2013 1141 2050 insulam
1154 2014 1267 2052 Meli-

77 2079 168 2119 tam,
189 2086 273 2122 quae
292 2086 316 2110 a
335 2073 719 2123 Carthaginiensibus
741 2077 954 2123 tenebatur,
977 2077 1138 2115 traiecit.
1181 2079 1264 2116 Ad-
1282 2098 1298 2117 2

75 2137 250 2174 venienti
272 2136 475 2175 Hamilcar
502 2138 682 2188 Gisgonis
709 2140 824 2186 filius,
845 2141 1048 2189 praefectus
1076 2142 1257 2190 praesidii,

76 2213 162 2240 cum
176 2201 291 2252 paulo
309 2201 438 2240 minus
453 2202 602 2242 duobus
621 2204 793 2242 millibus
812 2205 983 2242 militum
1002 2206 1263 2257 oppidumque
