1434 2402
166 175 214 212 98
685 170 834 208 LIVII

119 293 147 309 12
163 276 317 308 centum
338 270 486 318 viginti.
532 269 659 317 Igitur
679 268 925 304 terrestribus
945 280 1097 317 quoque
1118 266 1235 316 copiis
1255 267 1350 304 satis

164 336 283 372 fidens
313 335 509 370 Romanus
543 346 660 381 usque
686 332 735 368 ad
767 332 908 368 saltum
937 332 1254 369 Castulonensem
1291 335 1350 368 est

165 411 382 448 progressus
393 412 402 444 ;
432 397 655 434 Hasdrubal
675 387 716 432 in
738 396 980 433 Lusitaniam
1000 409 1042 432 ac
1063 395 1220 445 propius
1235 396 1348 433 Ocea-

162 476 254 499 num
274 462 468 498 concessit.

95 536 142 572 21
243 526 426 571 Quietum
446 525 535 562 inde
555 525 634 562 fore
654 525 859 561 videbatur
879 525 1069 573 reliquum
1090 523 1235 561 aestatis
1254 527 1348 560 tem-

130 615 143 630 2
162 605 242 641 pus,
275 591 484 639 fuissetque
512 603 579 639 per
606 589 769 626 Poenum
795 589 944 625 hostem
965 602 974 634 ;
1003 589 1067 625 sed
1094 592 1347 638 praeterquam

161 686 217 709 'rue
238 686 361 715 Hergates
379 692 425 709 are
454 655 554 703 quod
579 654 747 703 ipsorum
774 653 1043 703 Hispanorum
1073 653 1247 702 inquieta
1271 653 1348 689 avi-

160 716 242 745 ⁰²¹³³¹y
255 715 424 745 ¹'0u‘0d’ffl1d
453 720 577 767 daque
611 718 649 754 in
682 731 799 754 novas
833 731 892 755 res
925 722 1017 754 sunt
1044 718 1209 767 ingenia,
1238 717 1348 754 Man-

162 746 316 770 Hasdrubal
348 746 424 770 while

160 785 194 801 ⁰¹¹
207 777 347 806 ”iffa-vm
359 777 421 806 ‘¹⁰¹¹'
450 784 587 819 donius
615 783 881 831 Indibilisque,
903 783 971 831 qui
995 787 1111 819 antea
1136 782 1346 831 Ilergetum

159 808 231 831 them
258 807 278 831 is
308 807 421 831 rocallcd

128 874 141 897 3
159 838 423 897 ξιξωῃςωζῖζξῑῐὸξῗέἒ
451 847 606 895 regulus
626 847 761 893 fuerat,
779 851 981 896 postquam
997 846 1169 883 Romani
1182 846 1230 882 ab
1245 845 1348 882 saltu

159 898 220 922 Μή·
451 924 637 948 recessere
674 912 722 948 ad
759 911 993 948 maritimam
1032 924 1148 956 oram,
1188 909 1347 947 concitis

159 976 407 1024 popularibus
432 976 473 1011 in
499 989 634 1025 agrum
658 980 838 1025 pacatum
859 976 1049 1012 sociorum
1079 975 1343 1012 Romanorum

126 1060 140 1082 ⁴
158 1040 206 1076 ad
235 1040 497 1088 populandum
528 1045 727 1077 venerunt.
787 1041 989 1077 Adversus
1017 1052 1080 1077 eos
1104 1040 1254 1076 tribuni
1277 1039 1346 1076 mi-

158 1103 271 1140 litum
305 1117 392 1141 cum
431 1105 622 1153 expeditis
659 1105 817 1141 auxiliis
853 1118 876 1141 a
915 1104 1093 1154 Scipione
1130 1103 1236 1140 missi
1269 1103 1345 1141 levi

157 1168 377 1215 certamine,
416 1173 461 1205 ut
498 1170 794 1206 tumultuariam
833 1182 1003 1215 manum,
1039 1169 1170 1205 fudere
1200 1181 1343 1215 omnes,

156 1232 287 1269 occisis
311 1233 541 1282 quibusdam
563 1234 761 1283 captisque
780 1247 997 1283 magnaque
1017 1237 1126 1282 parte
1145 1233 1263 1269 armis
1283 1246 1343 1269 ex-

124 1317 137 1338 5
157 1300 232 1332 uta.
311 1296 390 1333 Hic
427 1301 557 1333 tamen
594 1298 787 1334 tumultus
825 1299 1023 1335 cedentem
1060 1298 1109 1334 ad
1147 1297 1341 1335 Oceanum

156 1360 442 1397 Hasdrubalem
462 1363 515 1398 cis
537 1362 730 1398 Hiberum
751 1362 799 1398 ad
820 1363 939 1399 socios
959 1362 1144 1399 tutandos
1162 1362 1339 1412 retraxit.

123 1432 138 1456 6
156 1423 290 1460 Castra
320 1423 468 1460 Punica
500 1424 542 1460 in
571 1438 662 1474 agro
697 1425 1065 1474 Ilergavonensium,
1105 1430 1230 1462 castra
1267 1425 1340 1463 Ro.

154 1499 268 1522 mana
304 1487 352 1523 ad
390 1487 543 1523 Novam
575 1488 733 1524 classem
767 1493 888 1535 erant,
923 1501 1042 1538 quum
1073 1489 1177 1526 fama
1205 1502 1341 1538 repens

122 1572 135 1595 7
153 1551 228 1587 alio
256 1552 400 1588 avertit
427 1552 580 1589 bellum.
640 1553 836 1602 Celtiberi,
865 1554 933 1603 qui
954 1554 1148 1604 principes
1173 1555 1340 1604 regionis

152 1627 229 1651 suae
262 1615 406 1664 legatos
443 1616 623 1653 miseram
653 1617 878 1666 obsidesque
916 1618 1103 1655 dederant
1140 1619 1337 1664 Romanis,

151 1677 290 1714 nuntio
318 1678 432 1715 misso
461 1691 483 1714 a
511 1679 689 1728 Scipione
717 1680 835 1716 exciti
863 1693 971 1717 arma
998 1680 1157 1729 capiunt
1185 1680 1339 1729 provin-

150 1741 324 1790 ciamque
353 1742 733 1791 Carthaginiensium
760 1743 889 1779 valido
923 1744 1095 1780 exercitu
1132 1743 1335 1780 invadunt.

118 1821 132 1845 8
152 1806 242 1842 Tria
267 1807 408 1856 oppida
430 1807 470 1843 vi
490 1813 716 1857 expugnant
730 1821 740 1854 3
769 1808 860 1845 inde
881 1821 967 1845 cum
987 1809 1070 1857 ipso
1090 1809 1337 1846 Hasdrubale

149 1871 298 1907 duobus
326 1871 471 1920 proeliis
497 1872 647 1921 egregie
674 1877 873 1921 pugnant3
902 1873 950 1909 ad
974 1873 1195 1922 quindecim
1214 1875 1338 1911 millia

147 1937 317 1973 hostium
346 1936 580 1983 occiderunt,
612 1941 797 1985 quattuor
821 1937 944 1974 millia
971 1950 1056 1974 cum
1084 1938 1220 1975 multis
1238 1938 1335 1974 mili-

148 2002 295 2038 taribus
315 2001 434 2050 signis
454 2001 620 2050 capiunt.

80 2068 128 2104 22
225 2066 314 2102 Hoc
333 2069 437 2102 statu
457 2078 585 2101 rerum
605 2065 646 2101 in
667 2065 861 2114 Hispania
884 2065 927 2102 P.
959 2065 1088 2114 Scipio
1113 2065 1156 2102 in
1182 2065 1334 2114 provin-

144 2143 408 2209 gnsxelilpiffoffispfflg
437 2129 535 2165 ciam
573 2129 690 2176 venit,
730 2136 936 2180 prorogato
972 2135 1059 2179 post
1092 2129 1332 2166 consulatum

144 2204 396 2235 brothermSpain.
435 2193 597 2242 lmperio
625 2194 673 2229 ab
702 2198 839 2230 senatu
868 2194 1018 2241 missus,
1049 2207 1136 2231 cum
1172 2193 1334 2244 triginta

146 2255 268 2304 longis
302 2257 466 2294 navibus
503 2261 543 2293 et
574 2261 660 2294 octo
697 2258 870 2295 millibus
908 2259 1078 2296 militum
1117 2271 1333 2308 magnoque
