1434 2402
185 193 256 229 106
702 187 759 223 LI
770 187 846 224 Vll

180 293 355 329 inimicos
382 289 533 332 tulerat,
554 287 685 322 cadem
709 290 748 322 et
772 285 905 334 populi
924 285 965 320 in
989 297 1028 321 se
1052 285 1246 322 saevientis
1270 285 1364 322 iniu-

147 372 160 395 7
181 357 275 393 riam
303 354 397 390 tulit
411 366 427 401 ‚j
450 350 690 399 acceptisque
710 350 750 385 in
771 351 853 398 ipso
880 349 1018 385 itinere
1044 349 1185 386 litteris
1210 336 1367 386 senatus

178 420 224 456 de
244 422 394 467 aequato
413 416 585 464 imperio,
607 414 699 451 satis
720 414 852 459 fidens,
874 413 1170 463 haudquaquam
1190 427 1278 451 cum
1296 413 1366 450 im-

177 483 274 532 perii
306 482 389 517 iure
419 484 541 516 artem
573 478 787 527 imperandi
821 482 1021 526 aequatam,
1049 490 1134 514 cum
1169 477 1317 515 invicto
1343 491 1367 515 a

110 545 158 582 2¹7
177 547 326 584 civibus
354 545 603 592 hostibusque
632 543 761 579 animo
791 542 837 578 ad
869 542 1084 579 exercitum
1109 541 1234 579 rediit.
1292 542 1366 578 Μὶ-

177 611 314 648 nucius
342 622 431 646 vero
460 621 577 658 quum
609 608 684 643 iam
710 611 800 643 ante
821 608 889 642 vix
916 606 1129 643 tolerabilis
1156 607 1291 643 fuisset
1313 619 1366 643 se-

146 692 160 708 2
177 688 328 723 Minucius·
346 687 439 711 wishes
467 672 603 709 cundis
627 672 740 707 rebus
764 683 807 707 ac
829 671 962 707 favore
981 671 1098 719 vulgi,
1121 675 1205 707 tum
1230 671 1366 720 utique

176 718 439 780 ξιῖιῗίῗίῖῗιιᾟῖἒὲἶᾛ
469 735 671 772 immodice
703 734 1002 783 immodesteque
1031 747 1109 771 non
1141 734 1366 772 Hannibale

146 821 160 844 3
177 802 297 851 magis
317 801 417 838 victo
446 801 494 836 ab
523 812 561 836 se
589 812 705 849 quam
735 799 779 843 Q.
802 798 923 835 Fabio
950 799 1117 847 gloriari.
1176 798 1296 835 Illum
1323 799 1366 836 in

179 867 290 903 rebus
309 865 452 914 asperis
472 864 627 901 unicum
649 864 784 899 ducem
811 876 853 899 ac
878 875 1009 912 parem
1029 862 1233 912 quaesitum
1257 862 1366 899 Han-

177 931 308 977 nibali,
330 930 510 966 maiorem
537 928 687 974 minori,
716 928 944 964 dictatorem
969 927 1152 976 magistro
1178 927 1365 977 equitum,

176 996 277 1045 quod
309 995 415 1031 nulla
449 994 631 1030 memoria
669 993 810 1029 habeat
842 992 1054 1039 annalium,
1089 993 1197 1028 iussu
1232 993 1364 1042 popuii

176 1064 368 1109 aequatum
398 1059 438 1094 in
468 1059 597 1094 eadem
623 1057 792 1103 civitate,
820 1057 862 1093 in
887 1070 963 1106 qua
989 1057 1164 1106 magistri
1189 1057 1364 1106 equitum

180 1125 305 1173 virgas
319 1137 362 1160 ac
382 1135 531 1160 secures
550 1122 748 1158 dictatoris
767 1126 931 1158 tremere
951 1128 1067 1171 atque
1086 1122 1241 1159 horrere
1260 1123 1365 1160 soliti

145 1203 159 1225 4
177 1189 257 1225 sint
271 1202 281 1235 3
308 1192 463 1224 tantum
489 1199 596 1223 suam
625 1187 847 1223 felicitatem
875 1186 1138 1236 virtutemque
1166 1188 1362 1225 enituisse.

178 1253 280 1301 Ergo
299 1257 520 1289 secuturum
541 1264 579 1287 se
598 1252 794 1287 fortunam
813 1263 933 1298 suam,
959 1252 991 1288 si
1011 1252 1176 1288 dictator
1195 1253 1238 1288 in
1256 1265 1366 1290 cunc-

177 1319 324 1353 tatione
347 1330 389 1352 ac
416 1316 578 1365 segnitie
607 1315 763 1352 deorum
794 1316 1069 1365 hominumque
1097 1316 1240 1353 iudicio
1262 1317 1364 1353 dam-

146 1397 159 1420 5
177 1389 269 1418 nata
288 1386 485 1430 perstaret.
546 1381 686 1429 Itaque
705 1394 781 1429 quo
801 1380 862 1416 die
877 1380 1045 1429 primum
1066 1393 1289 1429 congressus
1308 1386 1364 1418 est

176 1459 263 1482 cum
294 1447 336 1491 Q.
361 1446 489 1491 Fabio,
517 1445 766 1481 statuendum
795 1445 968 1481 omnium
997 1445 1167 1494 primum
1191 1446 1248 1482 ait
1272 1459 1362 1493 esse,

145 1517 160 1541 6
177 1511 495 1560 quemadmodum
527 1510 689 1558 imperio
716 1513 867 1558 aequato
896 1513 1081 1546 utantur:
1111 1523 1150 1546 se
1175 1510 1364 1559 optimum

177 1576 325 1620 ducere,
359 1580 427 1611 aut
458 1575 592 1611 diebus
625 1574 785 1611 alternis
818 1579 896 1620 aut,
928 1574 959 1610 si
988 1574 1133 1610 maiora
1160 1575 1366 1612 intervalla

180 1641 381 1689 placerent,
413 1639 566 1688 partitis
604 1639 841 1688 temporibus
879 1639 1038 1675 alterius
1075 1652 1268 1676 summum
1305 1641 1365 1677 ius

146 1720 159 1742 7
179 1705 457 1753 imperiumque
483 1717 572 1750 esse,
594 1709 639 1740 ut
658 1716 728 1753 pat·
747 1704 849 1740 hosti
869 1717 948 1740 non
966 1704 1088 1740 solum
1109 1704 1279 1751 consilio,
1299 1705 1362 1742 sed

177 1771 325 1807 viribus
359 1771 474 1807 etiam
504 1774 612 1815 esset,
640 1770 673 1806 si
701 1783 815 1818 quam
845 1770 1080 1806 occasionem
1109 1770 1164 1806 rei
1192 1764 1365 1819 gerendae

145 1845 159 1869 8
178 1836 382 1871 habuisset.
442 1834 485 1879 Q.
510 1835 629 1870 Fabio
655 1834 951 1883 haudquaquam
973 1834 1012 1870 id
1032 1834 1206 1883 placere:
1236 1836 1366 1872 omnia

178 1900 372 1936 fortunam
392 1911 475 1935 eam
495 1898 687 1944 habitura,
710 1911 978 1947 quamcunque
999 1898 1194 1935 temeritas
1213 1899 1365 1949 collegae

178 1963 374 1999 habuisset
388 1976 398 2009 3
431 1962 503 1998 sibi
531 1963 857 1999 communicatum
885 1975 971 1999 cum
999 1963 1078 2010 sslo,
1109 1976 1187 1999 non
1214 1964 1363 2013 ademp

144 2044 160 2066 9
179 2032 261 2063 tum
300 2027 505 2076 imperium
544 2039 624 2063 esse
637 2042 647 2075 3
689 2027 820 2076 itaque
857 2039 896 2063 se
932 2040 1133 2076 nunquam
1172 2028 1362 2064 volentem

178 2096 297 2140 parte,
329 2105 404 2141 qua
433 2096 571 2141 posset,
602 2104 730 2128 rerum
764 2091 922 2128 consilio
956 2092 1210 2141 gerendarum
1243 2106 1364 2130 cessu-

178 2169 275 2202 rum,
305 2169 373 2192 nec
406 2169 444 2192 se
474 2160 646 2205 tempora
674 2160 743 2192 aut
772 2156 853 2193 dies
882 2156 1035 2205 imperii
1064 2170 1150 2193 cum
1179 2156 1236 2204 eo,
1260 2170 1364 2194 exer-

177 2220 296 2256 citum
318 2220 544 2267 divisurum,
563 2221 717 2270 suisque
737 2221 915 2268 consiliis,
937 2221 1117 2270 quoniam
1138 2223 1267 2259 omnia
1286 2235 1364 2259 non

129 2298 160 2316 10
177 2284 320 2331 liceret,
342 2297 426 2332 quae
447 2289 583 2333 posset,
604 2291 858 2323 servaturum.
923 2286 988 2322 Ita
1007 2287 1188 2334 obtinuit,
1211 2291 1255 2324 ut
1273 2287 1363 2338 legi-
