1403 2438
446 126 616 164 LIBER
653 126 773 164 XXI.
1149 127 1199 164 45

18 229 179 276 quentcs
198 229 463 275 oppugnatum
482 225 646 275 patriam
668 229 837 262 nostram
858 224 1031 262 veniunt.
1066 224 1200 274 Atque

17 289 167 327 utinam
193 302 262 338 pro
281 290 418 326 decore
437 293 590 325 tamum
611 289 682 326 hoc
702 289 810 325 vobis
829 293 869 325 et
888 301 966 325 non
986 301 1055 338 pro
1075 288 1198 325 salute

16 358 118 391 esset
144 354 363 391 certamen!
420 353 511 390 Non
539 353 586 389 de
615 353 850 401 possessione
879 352 1018 389 Siciliae
1046 365 1088 390 ac
1115 352 1200 389 Sar·
1218 371 1249 395 η

16 418 142 463 diniae,
182 418 229 454 de
265 418 405 467 quibus
433 416 625 466 quondam
659 417 854 465 agebatur,
885 417 950 453 sed
978 429 1047 466 pro
1082 416 1200 453 Italia

15 482 127 518 vobis
154 487 213 519 est
240 481 500 530 pugnandum.
558 480 641 516 Nee
669 484 728 516 est
754 480 854 516 alius
881 481 930 516 ab
959 485 1065 529 tergo
1095 493 1198 517 exer·
1219 503 1250 527 ¹5

16 546 127 591 citus,
148 545 226 595 qui,
248 545 323 582 nisi
349 557 417 581 nos
437 544 638 589 vincimus,
664 543 766 580 hosti
795 544 965 589 obsistat,
987 557 1057 581 nec
1076 544 1198 593 Alpes

15 610 100 647 aliae
131 613 234 654 sunt,
266 621 360 658 quas
392 608 483 644 dum
515 612 709 656 superant,
745 607 956 657 comparari
988 620 1090 644 nova
1117 621 1200 657 pos-

15 673 98 710 sint
128 673 328 722 praesidia3
367 671 429 709 hic
461 677 520 708 est
549 672 792 716 obstandum,
830 672 985 718 milites,
1020 672 1129 708 velut
1165 671 1198 708 si

15 742 106 774 ante
126 737 302 774 Romana
321 738 460 773 moeuia
480 749 703 786 pugnemus.
763 735 1041 786 Unusquisque
1061 749 1101 773 se
1120 749 1198 773 non
1219 747 1250 772 16

15 814 152 850 corpus
185 814 307 846 suum,
340 801 404 837 sed
437 801 635 849 coniugem
666 813 709 836 ac
747 800 886 836 liberos
916 813 1054 849 parvos
1082 800 1199 837 armis

14 871 213 915 protegere
246 869 381 914 putet;
414 878 483 901 nee
515 865 742 900 domesticas
768 865 891 900 solum
925 864 1046 913 agitet
1076 877 1197 910 cura-s,

14 930 81 967 sed
102 929 311 966 identidem
333 928 402 965 hoc
421 929 549 964 animo
576 936 740 976 reputet,
763 940 913 964 nostras
933 941 1035 965 nunc
1054 929 1198 965 intueri

13 1006 151 1030 manus
169 998 344 1030 senatum
364 992 627 1041 populumque
648 992 867 1028 Romanum
887 1006 894 1028 :
921 992 1047 1040 qualis
1065 997 1197 1030 nostra
1217 1010 1248 1035 17

14 1057 74 1094 vis
94 1057 295 1106 virtusque
314 1056 442 1102 fuerit,
459 1055 575 1092 talem
597 1054 735 1092 deinde
754 1055 950 1091 fortunam
966 1055 1070 1092 illius
1089 1056 1197 1094 urbis

13 1134 58 1158 ac
76 1121 245 1158 Romani
264 1120 418 1169 imperii
435 1119 547 1156 fore.'’

95 1185 192 1222 Haec
210 1185 313 1234 apud
334 1184 529 1221 Romanos
549 1183 691 1220 consul.
741 1183 943 1221 Hannibal
963 1185 1077 1233 rebus
1089 1184 1196 1234 prius
1214 1188 1265 1226 42

13 1263 130 1300 quam
149 1250 277 1286 verbis
304 1248 562 1285 adhortandos
588 1248 731 1285 milites
753 1252 873 1294 ratus,
893 1249 1128 1286 circumdato
1147 1250 1196 1286 ad

16 1313 275 1363 spectaculum
300 1313 485 1358 exercitu,
508 1312 680 1360 captivos
702 1316 905 1348 montanos
1019 1361 1024 1366 Π
1175 1360 1181 1366 .

12 1378 164 1414 vinctos
188 1377 229 1414 in
257 1376 384 1413 medio
412 1376 561 1421 statuit,
591 1376 782 1424 armisque
816 1376 903 1412 Gal—
931 1360 1196 1421 ginnssbfflgzissiilss}

12 1441 96 1477 licis
124 1445 215 1477 ante
237 1440 351 1490 pedes
377 1452 508 1477 eorum
534 1439 723 1488 proiectis,
746 1440 903 1477 interro-
931 1421 1196 1482 ῗὲἑηῑιὲιειῗὲἑεὲῗὶῗέ

13 1517 102 1554 gare
122 1504 373 1554 interpretem
392 1504 516 1550 iussit,
531 1504 669 1552 ecquis,
688 1505 719 1540 si
740 1504 904 1540 vinculis
932 1482 1096 1512 offreed0m,

11 1571 208 1608 levaretur
225 1581 407 1617 armaque
422 1572 462 1605 et
480 1580 621 1617 equum
635 1568 759 1604 victor
778 1568 978 1617 acciperet,
1000 1567 1194 1604 decertare

11 1633 113 1671 ferro
142 1632 270 1670 vellet.
329 1632 457 1676 Quum
486 1632 533 1668 ad
553 1645 677 1668 unum
697 1645 828 1668 omnes
846 1632 993 1668 ferrum
1011 1644 1195 1680 pugnam·
1212 1655 1227 1671 2

11 1707 85 1744 que
115 1699 315 1744 poscerent
345 1698 386 1731 et
413 1695 560 1731 deiecta
587 1695 627 1730 in
655 1695 695 1731 id
724 1707 804 1731 sors
832 1699 941 1742 esset,
969 1707 1009 1731 se
1032 1695 1194 1744 quisque

13 1771 102 1795 eum
138 1758 309 1808 optabat,
341 1771 457 1807 quem
488 1759 646 1795 fortuna
675 1758 717 1795 in
744 1759 786 1795 id
813 1763 1013 1796 certamen
1037 1758 1191 1807 legeret,
1212 1788 1227 1813 3

9 1825 59 1868 et,
87 1827 132 1858 ut
150 1821 335 1871 cuiusque
354 1835 434 1859 sors
453 1823 659 1869 exciderat,
675 1823 809 1870 alacer,
830 1823 934 1860 inter
951 1823 1194 1873 gratulantes

9 1885 152 1936 gaudio
171 1886 380 1934 exsultans,
402 1900 489 1923 cum
509 1887 569 1924 sui
587 1887 705 1924 moris
723 1888 906 1937 tripudiis
924 1900 1032 1924 arma
1050 1887 1193 1937 raptim

9 1949 194 1998 capiebat.
252 1948 337 1987 Ubi
359 1962 450 1986 vero
475 1950 717 1997 dimicarent,
738 1950 771 1987 is
791 1951 948 1988 habitus
973 1950 1191 1987 animorum
1209 1972 1225 1998 ⁴

7 2024 87 2049 non
123 2012 227 2049 inter
261 2013 432 2050 eiusdem
467 2014 581 2050 modo
618 2014 852 2051 condicionis
884 2014 1059 2051 homines
1096 2019 1191 2061 erat,

2 2076 73 2113 sed
100 2077 218 2113 etiam
245 2076 348 2113 inter
376 2082 592 2126 spectantes
612 2078 738 2127 vulgo,
771 2083 816 2115 ut
844 2091 923 2115 non
950 2077 1192 2116 vincentium

6 2140 128 2189 magis
165 2153 280 2190 quam
317 2141 414 2178 bene
458 2142 705 2179 morientium
751 2142 909 2179 fortuna
953 2142 1188 2182 laudaretur.

4 2203 138 2248 Quum
178 2205 232 2243 sic
269 2204 418 2254 aliquot
458 2206 638 2256 spectatis
683 2207 840 2256 paribus
877 2207 1034 2244 affectos
1079 2207 1190 2244 dimi·
1207 2186 1257 2243 4:35
