1403 2438
500 653 718 701 LIBER
764 653 905 701 XXI.

189 879 240 917 IN
267 883 377 929 parte
414 878 540 928 operis
578 878 655 915 mei
683 878 774 915 licet
803 877 900 914 mihi
929 876 1093 927 plwaefass
1123 876 1227 926 quod
1254 875 1296 912 in

109 944 298 994 principio
316 956 476 981 summae
499 944 621 980 totius
647 942 807 991 plofessi
832 941 1005 992 plerique
1033 957 1090 981 The
1132 955 1298 981 memoratae

109 1012 202 1045 sunt
231 1021 361 1046 rerum
396 1008 611 1057 scriptor‚es
655 1007 800 1044 bellum
837 1007 1005 1044 maxime
1033 986 1232 1043 3333&AEss
1243 987 1299 1042 viiii·

108 1072 284 1110 omnium
322 1072 582 1118 memorabile,
624 1084 709 1121 quae
750 1084 923 1121 unquam
960 1076 1068 1122 gesta
1104 1074 1196 1119 sint,
1235 1085 1297 1109 nie

109 1136 354 1185 scripturum,
396 1137 500 1186 quod
546 1136 770 1173 Hannibale
818 1137 914 1174 duce
961 1136 1298 1186 Carthaginienses

109 1210 196 1238 cum
219 1203 360 1252 populo
387 1203 563 1240 Romano
590 1214 746 1251 gessere.
805 1202 911 1238 Nam
939 1214 1064 1251 neque
1090 1201 1296 1238 validiores
1314 1216 1329 1232 2

110 1266 247 1314 opibus
274 1267 363 1303 ullae
391 1267 496 1304 inter
524 1279 565 1303 se
594 1266 771 1303 civitates
803 1269 1013 1315 gentesque
1045 1265 1298 1302 contulerunt

109 1342 226 1377 arma,
259 1343 386 1380 neque
422 1330 484 1366 his
516 1329 611 1379 ipsis
643 1333 800 1366 tantum
838 1342 1011 1378 unquam
1047 1328 1191 1366 virium
1227 1333 1297 1366 aut

110 1394 256 1431 roboris
275 1394 363 1440 fuit,
386 1398 425 1431 et
443 1394 546 1430 haud
566 1395 717 1443 ignotas
743 1393 835 1430 belli
858 1398 960 1430 artes
988 1393 1091 1430 inter
1118 1406 1208 1440 sese,
1229 1394 1296 1430 sed

110 1461 288 1507 expertas
306 1458 431 1506 primo
450 1457 600 1494 Punico
619 1457 871 1494 conserebant
889 1456 1000 1503 bello,
1018 1459 1057 1493 et
1075 1456 1169 1493 adeo
1188 1456 1296 1493 varia

109 1519 268 1557 fortuna
291 1520 383 1557 belli
408 1533 622 1570 ancepsque
648 1520 757 1557 Mars
782 1519 870 1567 fuit,
896 1523 942 1556 ut
965 1520 1123 1569 propius
1150 1521 1296 1570 pericu-

108 1586 190 1623 lum
208 1586 366 1633 fuerint,
388 1587 456 1636 qui
477 1587 663 1624 vicerunt.
724 1586 834 1624 Odiis
860 1587 979 1623 etiam
1000 1599 1118 1637 prope
1144 1587 1295 1624 maiori·
1311 1600 1326 1624 3

108 1652 179 1689 bus
206 1656 404 1690 certarunt
432 1665 548 1702 quam
576 1651 735 1698 viribus,
767 1651 954 1688 Romanis
985 1651 1291 1700 indignantibus,

107 1716 210 1765 quod
247 1716 460 1753 victoribus
496 1716 592 1753 victi
624 1716 728 1752 ultro
765 1716 954 1752 inferrent
991 1728 1110 1763 arma,
1148 1716 1292 1763 Poenis,

107 1780 210 1829 quod
237 1781 399 1830 supeibe
427 1793 617 1830 avareque
648 1780 847 1817 crederent
884 1780 1152 1830 imperitatum
1178 1780 1293 1817 victis

108 1856 199 1881 esse.
255 1844 376 1881 Fama
408 1849 466 1881 est
495 1845 624 1892 etiam,
655 1844 921 1881 Hannibtlem
953 1857 1144 1881 annorum
1174 1845 1292 1882 ferme
1309 1857 1324 1880 4

106 1919 257 1952 novem,
293 1908 496 1958 pueriliter
531 1896 791 1945 blandientem
840 1908 944 1958 Iat1i
980 1909 1207 1956 Hamilcari,
1246 1914 1298 1946 ut¹

106 1972 310 2010 duceretur
333 1973 377 2010 111
403 1973 648 2023 Hispaniam,
670 1986 802 2022 quum,
827 1974 994 2022 perfecto
1013 1972 1152 2011 Africo
1176 1974 1288 2022 bello,

84 2035 321 2098 9118101111111
347 2047 392 2073 eo
419 2036 652 2093 traiecturus
679 2036 919 2082 sacrificar,et
947 2036 1134 2072 altaribus
1161 2036 1290 2074 admo-

71 2092 74 2096 ’
309 2117 319 2129 «
341 2088 400 2100 ’
372 2093 516 2159 sacris,
541 2097 626 2136 iure
657 2098 822 2135 iurando
853 2097 1046 2145 adactum,
1078 2111 1128 2147 se,
1167 2112 1289 2149 quum

281 2198 292 2207 ,
360 2176 410 2209 -‘1
452 2178 547 2216 gur
579 2178 599 2195 ι
635 2161 719 2200 fere
742 2160 886 2212 populo
912 2161 1100 2205 Romano.
1156 2163 1288 2214 Ange·
1304 2173 1318 2199 s
