1455 2454
193 123 241 157 73
706 111 850 149 LIVIJ

192 215 375 251 Romanis
394 214 520 249 submi
538 219 654 258 atque
678 208 885 257 improvisa
902 220 963 244 res
983 207 1069 252 fuit,
1089 206 1191 256 quod
1216 209 1302 242 orta
1320 217 1370 241 ex

192 279 271 314 lacu
306 276 444 313 nebula
476 286 608 323 campo
638 286 753 322 quam
790 272 986 308 montibus
1019 271 1173 308 densior
1205 270 1367 316 sederat,

189 342 414 390 ;1g111inaque
442 339 608 375 hostium
638 351 684 375 ex
716 338 890 387 pluribus
915 336 1077 373 collibus
1101 336 1184 384 ipsa
1201 335 1306 372 inter
1329 348 1371 372 se

156 422 169 444 7
187 406 278 441 satis
298 409 497 453 conspecta
515 416 634 452 eoque
654 403 774 451 magis
792 402 936 451 pariter
955 401 1261 437 decucurrerant.
1294 399 1369 436 Ro-

188 482 320 505 manus
339 469 502 505 clamore
522 469 628 517 prius
648 468 817 516 undique
832 471 925 512 orto,
943 478 1059 514 qua-m
1075 464 1168 502 satis
1181 467 1366 511 cerneret,

186 547 225 570 se
244 534 548 570 circumventum
568 544 647 568 esse
667 532 795 578 sensit,
818 535 857 567 et
876 534 966 567 ante
985 529 1026 565 in
1045 529 1213 565 frontem
1232 527 1368 565 latera-

186 611 258 647 que
278 597 440 646 pugnari
459 601 623 646 coeptuni
644 601 710 641 est,
733 608 847 645 quam
874 595 967 631 satis
992 595 1251 630 instrueretur
1268 592 1368 629 acies

146 665 165 700 5
186 666 254 698 :tut
281 662 453 710 expediri
475 673 581 697 arma
603 660 816 709 stringique
841 659 960 708 gladii
988 663 1150 708 possent.
1210 658 1364 705 Consul,

187 725 367 775 perculsis
394 725 581 770 omnibus,
602 724 683 773 ipse
709 724 811 770 satis,
833 728 879 760 ut
903 724 945 759 in
963 736 1002 759 re
1024 722 1185 771 trepida,
1206 722 1367 771 impavi-

185 790 253 825 ‹lus
281 790 454 825 turbatos
484 789 645 834 ordines,
668 792 842 825 vertente
870 800 909 824 se
938 800 1089 836 quoque
1117 787 1166 824 ad
1194 787 1367 833 dissonos

183 854 373 898 clamores,
396 853 565 898 instruit,
588 861 632 889 ut
655 858 807 902 tempus
832 852 1012 901 locusque
1037 851 1197 901 patitur,
1218 855 1258 888 et
1276 864 1366 901 qua-

183 930 332 965 cunque
359 917 464 953 adire
489 917 691 966 audirique
717 922 852 966 potest,
875 917 1104 953 adhortatur
1126 929 1170 953 ac
1196 919 1299 953 stare
1321 930 1365 954 ac

150 1001 162 1017 2
182 994 349 1030 pugnare
377 982 507 1018 iubet:
536 994 605 1018 nec
631 982 733 1018 enim
759 982 850 1018 inde
873 982 975 1018 votis
999 986 1069 1018 aut
1094 981 1366 1030 imploratione

181 1046 304 1091 deum,
326 1046 392 1082 sed
417 1046 459 1082 vi
486 1059 529 1082 ac
549 1046 694 1082 virtute
723 1046 964 1082 evadendum
993 1058 1072 1082 esse
1085 1058 1095 1091 3
1125 1058 1192 1094 per
1218 1045 1366 1082 medias

180 1110 278 1146 acies
315 1110 415 1146 ferro
445 1112 547 1147 viam
585 1111 666 1147 fieri
705 1115 753 1157 et,
786 1123 862 1159 quo
891 1110 1042 1147 timoris
1074 1110 1201 1146 minus
1228 1110 1290 1157 sit,
1321 1123 1365 1147 eo

147 1190 160 1212 3
182 1174 307 1210 minus
337 1175 454 1221 ferme
482 1175 643 1224 periculi
671 1188 759 1213 esse.
818 1175 1006 1221 Ceterum?
1028 1187 1105 1223 prae
1133 1174 1299 1223 strepitu
1320 1187 1365 1211 ac

182 1239 352 1275 tumultu
383 1252 454 1276 nec
479 1240 679 1293 consilium
710 1252 780 1276 nec
811 1239 1017 1288 imperium
1049 1239 1169 1289 accipi
1199 1242 1361 1289 poterat,
1392 1245 1426 1300 ΓΛ

180 1307 407 1352 tantumque
427 1305 574 1351 aberat*
593 1308 637 1340 ut
655 1317 723 1340 sua
743 1305 853 1353 signa
871 1308 987 1353 atque
1007 1305 1159 1341 ordines
1179 1308 1218 1340 et
1236 1304 1363 1341 locum

180 1370 389 1413 noscerent,
409 1370 455 1403 ut
474 1367 543 1403 vix
563 1367 610 1403 ad
631 1380 738 1403 arma
757 1368 942 1417 capienda
961 1369 1206 1417 aptandaque
1223 1381 1363 1418 pugnae

179 1435 408 1478 competeret
435 1431 600 1478 animus,
623 1432 1009 1481 opprimerenturque
1031 1432 1192 1482 quidam
1211 1433 1363 1470 onerati

179 1494 298 1543 magis
317 1494 364 1531 iis
384 1508 499 1544 quam
519 1496 621 1532 tecti.
681 1496 733 1532 Et
752 1500 835 1533 erat
862 1497 904 1533 in
927 1500 1039 1534 tanta
1057 1497 1221 1546 caligine
1239 1497 1364 1535 maior

145 1577 159 1599 4
178 1570 269 1594 usus
301 1559 452 1594 aurium
482 1572 597 1608 quam
629 1560 835 1597 oculorum.
892 1561 960 1597 Ad
987 1561 1156 1610 gemitus
1184 1561 1362 1600 vulnera„

160 1627 307 1678 ..torum
325 1622 498 1672 ictusque
518 1636 718 1675 corporum
743 1629 812 1661 aut
830 1639 1027 1663 armorum
1046 1630 1087 1663 et
1106 1627 1250 1664 mixtos
1267 1631 1362 1665 stre-

81 1686 104 1693 ''
138 1703 144 1718 r
169 1687 350 1734 ,pontium
384 1688 682 1737 paventiumque
722 1690 905 1727 clamores
942 1691 1264 1729 circumferebant
1293 1705 1362 1730 ora

144 1770 157 1792 5
176 1750 386 1800 oculosque.
455 1752 540 1788 Alii
580 1753 772 1802 fugientes
812 1756 1072 1804 pugnantium
1109 1756 1222 1806 globo
1258 1756 1361 1794 illati
1373 1740 1423 1798 il
1446 1763 1449 1785 l

177 1814 370 1852 haerebant
379 1830 390 1863 3
409 1816 502 1853 alios
521 1817 724 1855 redeuntes
742 1819 785 1855 in
802 1832 973 1869 pugnam
993 1821 1194 1864 avertebat
1211 1820 1361 1872 fugien-

143 1890 158 1914 6
176 1879 273 1915 tium
293 1893 437 1929 agmen.
471 1881 631 1929 Deinde,
653 1883 721 1919 ubi
739 1883 782 1919 in
801 1896 933 1922 omnes
953 1890 1082 1935 partes
1100 1886 1360 1936 nequicquam

175 1942 340 1992 impetus
360 1946 472 1994 capti,
490 1950 529 1982 et
547 1947 594 1983 ab
614 1947 800 1985 lateribus
819 1953 970 1987 montes
989 1963 1033 1987 ac
1051 1950 1167 1999 lacus,
1188 1963 1213 1988 a
1229 1951 1359 1989 fronte
1374 1969 1389 1984 -ι

175 2011 213 2042 et
232 2008 278 2043 ab
305 2012 410 2057 tergo
436 2009 602 2047 hostium
626 2012 724 2049 acies
753 2013 966 2060 claudebat,
986 2015 1254 2066 apparuitque,
1274 2016 1358 2053 nul·-

174 2069 250 2106 lam
278 2072 352 2108 nisi
382 2073 422 2109 in
450 2074 610 2112 dextera
643 2077 819 2125 ferroque
847 2077 982 2116 salutis
1015 2092 1122 2129 spem
1151 2092 1245 2129 esse,
1269 2083 1358 2118 tum

174 2134 248 2170 sibi
262 2136 421 2185 quisque
435 2137 515 2174 dux
533 2139 832 2190 adhortatorque
844 2143 968 2180 factus
991 2145 1040 2182 ad
1052 2157 1133 2182 rem
1146 2145 1354 2195 gerendam

142 2214 155 2236 7
174 2200 213 2234 et
231 2210 330 2235 nova
348 2200 394 2236 de
413 2202 561 2251 integro
587 2210 721 2241 exorta
745 2219 873 2255 pugna
895 2213 964 2255 est,
986 2221 1065 2246 non
1084 2209 1153 2247 issa
1176 2209 1358 2249 ordinata
