1403 2438
552 99 584 136 L
592 99 611 135 Ι
614 99 721 136 BER
759 99 843 136 XX
849 99 874 135 J
872 128 879 136 .
1287 101 1308 136 5

120 195 258 233 deinde
287 196 585 243 Hasdrubalem,
608 203 854 235 cunctantem
881 210 989 235 casus
1015 195 1155 246 aliquis
1183 197 1327 245 oppii*

119 262 251 305 meret,
276 260 502 310 Saguntinis
527 262 668 299 inferre
697 263 838 299 bellum
869 262 1017 299 statuit.
1067 261 1216 306 Quibus
1244 274 1302 310 op·
1325 278 1340 302 3

119 325 334 373 pugnandis
353 326 445 374 quia
464 326 566 362 haud
586 326 701 362 dubie
724 326 900 363 Romana
914 339 1020 362 arma
1035 327 1302 373 movebantur,

117 387 158 424 in
192 388 377 425 Olcadum
409 390 515 438 prius
550 390 643 426 fines
677 389 795 440 (ultra.
836 391 1029 427 Hiberum
1065 403 1108 428 ea
1139 403 1232 439 gens
1263 391 1303 426 in

116 456 226 500 parte
252 454 372 502 magis
399 466 515 502 quam
545 453 586 490 in
616 454 765 491 dicione
795 453 1173 503 Carthaginiensium
1201 456 1301 505 erat)

116 516 272 553 induxit
309 518 532 563 exercitum,
572 522 618 554 ut
655 531 732 555 non
771 518 911 567 petisse
950 519 1196 568 Saguntinos,
1236 521 1302 557 sed

114 593 242 617 rerum
270 580 377 627 serie,
412 581 587 618 finitimis
620 582 776 618 domitis
805 583 998 632 gentibus,
1031 583 1301 632 iungendoque

114 648 260 682 tractus
283 645 332 681 ad
359 645 399 682 id
425 645 568 682 bellum
593 646 717 683 videri
744 650 879 695 posset.
939 647 1143 694 Cartalam,
1165 648 1298 684 urbem
1318 665 1332 688 4

113 709 347 758 opulentam,
369 715 484 759 caput
502 711 628 759 gentis
650 711 742 757 cius,
760 715 957 760 expugnat
976 711 1204 760 diripitque3
1223 724 1299 760 quo

112 778 219 810 metu
255 775 436 823 perculsae
470 775 637 812 minores
675 776 853 812 civitates
890 776 1082 825 stipendio
1118 776 1300 825 imposito

111 838 315 888 imperium
353 852 539 888 accepere.
610 840 750 877 Victor
786 840 978 877 exereitus
1016 840 1298 889 opulentusque

110 903 239 952 praeda
269 902 541 953 Carthaginem
575 905 730 941 Novam
760 904 802 940 in
830 904 992 941 hiberna
1018 909 1075 941 est
1098 905 1293 941 deductus.

111 967 173 1004 Ibi
206 967 311 1016 large
346 968 550 1017 partiendo
587 969 756 1018 praedam
792 969 1060 1017 stipendioque
1101 969 1295 1018 praeterito
1315 984 1330 1008 s

109 1020 195 1068 cum
211 1031 284 1068 fide
300 1032 534 1070 exsolvendo
553 1033 702 1070 cunctis
717 1033 859 1070 civium
881 1033 1144 1082 sociorumque
1156 1029 1296 1070 animis

107 1096 146 1133 in
164 1110 204 1134 se
215 1098 388 1144 firmatis,
409 1111 499 1135 vere
514 1097 638 1147 primo
648 1088 692 1134 in
705 1098 884 1134 Vaccaeos
896 1101 1113 1146 promotum
1136 1098 1290 1135 bellum.

108 1161 370 1200 Hermandica
388 1166 428 1199 et
445 1162 649 1209 Arbocala,
671 1175 802 1199 eorum
822 1163 947 1209 urbes,
964 1162 1004 1198 vi
1031 1198 1084 1223 and
1096 1198 1142 1223 the
1152 1197 1258 1223 Vaccaei
1312 1166 1328 1190 6

107 1219 243 1276 captae3
258 1227 452 1264 Arbocala
470 1231 510 1264 et
527 1227 674 1264 virtute
690 1231 729 1263 et
748 1227 1001 1263 multitudine

107 1291 385 1339 oppidanorum
408 1291 475 1328 diu
495 1291 661 1328 defensa.
692 1292 758 1328 Ab
774 1291 1037 1328 Hermandica
1055 1290 1208 1340 profugi
1229 1303 1291 1327 ex·
1311 1303 1326 1327 7

106 1354 254 1392 sulibus
283 1355 481 1399 Olcadum,
507 1355 634 1404 priore
662 1360 795 1392 aestate
823 1355 977 1392 domitae
1004 1355 1143 1404 gentis,
1172 1368 1292 1403 quum

106 1431 146 1456 se
175 1419 407 1466 iunxissent,
441 1419 639 1456 concitant
676 1419 920 1469 Carpetanos,
952 1419 1153 1468 adortique
1183 1419 1292 1455 Han·
1309 1429 1326 1456 8

105 1483 273 1520 nibalem
299 1496 512 1533 regressum
541 1497 589 1521 ex
608 1484 780 1521 Vaceaeis
807 1484 913 1521 haud
940 1484 1072 1533 procul
1099 1484 1202 1533 Tago
1225 1483 1293 1520 flu-

105 1548 219 1596 mine,
234 1561 371 1598 agmen
390 1561 507 1598 grave
526 1549 653 1598 praeda
672 1549 890 1586 turbavere.
935 1548 1139 1585 Hannibal
1157 1547 1293 1597 p1oelio

104 1612 304 1659 abstinuit,
332 1612 542 1662 castrisque
571 1626 699 1662 super
701 1613 835 1662 ripam
859 1613 1007 1672 positis,
1027 1625 1160 1664 quum
1166 1612 1289 1662 prima

103 1677 212 1726 quies
235 1677 510 1726 silentiumque
535 1678 584 1714 ab
610 1678 786 1714 hostibus
809 1678 895 1724 fuit,
917 1690 1070 1714 amnem
1092 1678 1192 1714 vado
1217 1681 1292 1713 tra-

103 1741 205 1789 iecit,
225 1742 404 1791 valloque
423 1741 480 1778 ita
498 1742 711 1792 producto,
719 1749 765 1779 ut
783 1742 910 1779 locum
936 1742 984 1779 ad
1008 1726 1289 1791 transgredien-

103 1806 195 1844 dum
204 1806 343 1844 'hostes
361 1806 559 1853 haberent,
582 1806 765 1844 invadere
788 1819 850 1844 eos
874 1811 1119 1843 transeuntes
1138 1807 1288 1846 statuit.

103 1870 311 1919 Equitibus
342 1870 535 1920 praecepit,
565 1874 622 1918 ut,
652 1883 774 1920 quum
804 1871 994 1920 ingressos
1022 1882 1163 1919 aquam
1186 1870 1288 1908 vide-
1308 1884 1340 1901 ιο

102 1938 200 1980 rent,
217 1934 706 1989 adorirenturgimpeditum
721 1948 859 1984 agmen
872 1949 883 1983 3
908 1935 951 1971 in
965 1935 1049 1984 ripa
1064 1935 1290 1984 elephantos
1304 1924 1310 1931 ¹

105 1996 377 2048 (quadraginta
408 2003 538 2035 autem
570 1997 697 2050 elant)
732 1999 912 2048 disponit.
984 1999 1286 2048 Carpetanorum
1309 2016 1337 2033 ιι

102 2075 191 2099 cum
217 2062 490 2112 appendicibus
519 2063 706 2100 Olcadum
734 2064 999 2100 Vaccaeorum-
1025 2070 1220 2126 ξέὃιίἰπὲξιέἓῑιῖῗ
1242 2072 1290 2127 31ιὲ

101 2139 177 2176 que
201 2131 358 2164 centum
380 2127 504 2164 millia
525 2128 644 2175 fuere,
663 2128 811 2164 invicta
833 2127 941 2174 acics,
964 2127 996 2163 si
1025 2132 1174 2163 Carpetani·

101 2204 210 2241 aequo
229 2191 476 2229 dimicaretur
495 2184 638 2242 campo.
697 2192 837 2242 Itaque
856 2195 895 2229 et
913 2191 1068 2242 ingenio
1086 2192 1230 2230 feroces
1249 2196 1289 2230 et
1309 2210 1338 2227 12
