1403 2438
480 215 652 252 LIBER
692 214 835 251 XXII.
1175 215 1244 251 111

58 317 181 361 effusi,
202 328 244 353 ac
263 315 295 352 si
316 315 359 352 in
378 314 514 351 insulis
534 314 724 366 cultorum
746 314 951 363 egentibus
972 300 1311 373 pr‘aedarentursts

59 381 199 429 Itaque
228 380 268 416 in
297 365 457 416 insidias
483 383 627 415 temere
654 378 765 424 illati,
787 391 906 427 quum
932 391 954 414 a
979 378 1248 426 frequentibus
1267 395 1281 416 ⁴

6 454 20 470 ⁵
58 443 243 494 palantes,
274 444 322 479 ab
351 443 520 480 locorum
550 443 681 492 gnaris
710 443 834 491 ignari
863 443 1247 491 circumvenirentur,

51 495 144 545 cum
178 507 301 544 multa
332 507 435 544 eaede
463 520 505 543 ac
533 507 631 543 foeda
660 506 751 555 fuga
779 511 882 543 retro
920 507 967 543 ad
1005 520 1123 544 naves
1151 521 1248 544 com-

57 573 159 622 puisi
194 578 294 610 sunt.
355 572 420 608 Ad
450 571 557 607 mille
585 570 796 616 hominum,
816 583 917 607 >cum
944 571 993 607 iis
1022 571 1247 621 Sempronio
1267 590 1280 612 5

62 638 182 675 Blaeso
214 641 402 687 quaestore
434 635 584 680 amisso,
620 635 751 671 classis
789 635 836 670 ab
868 635 1047 672 litoribus
1078 635 1245 673 hostium

58 702 183 751 plenis
211 701 361 750 trepide
389 699 517 736 soluta
544 699 584 735 in
610 699 778 736 Siciliam
800 712 953 736 cursum
971 701 1109 747 tenuit,
1133 702 1248 737 tradi-
1266 715 1281 739 6

57 773 172 816 taque
201 765 360 814 Lilybaei
391 765 431 800 T.
465 764 631 800 Otacilio
660 764 827 812 praetori,
859 768 904 800 ut
932 764 980 799 ab
1009 765 1135 813 legato
1165 765 1247 802 eius

57 831 99 869 P.
131 830 230 867 Sura
265 829 429 866 Romam
461 829 717 865 reduceretur.
778 828 866 877 Ipse
886 841 954 877 per
981 854 1035 878 and
1072 857 1180 879 returns
1217 857 1246 880 to
1268 856 1280 878 7

57 895 225 932 Siciliam
248 893 408 943 pedibus
442 893 634 942 profectus
673 893 770 929 freto
800 893 841 929 in
875 893 951 928 Ita·
980 885 1042 940 ξῖξξθ
1061 886 1204 946 οῇξξξζξᾰ
1220 887 1249 941 ἓξ

56 960 147 996 liam
176 959 338 1003 traiecit,
361 958 502 994 litteris
532 957 576 1002 Q.
604 957 714 993 Fabii
743 958 886 994 accitus
915 964 954 994 et
983 947 1092 977 Fabius,

55 1026 135 1074 ipse
154 1029 193 1060 et
211 1023 355 1071 collega
375 1022 457 1059 eius
484 1022 537 1058 M.
566 1022 730 1067 Atilius,
757 1027 801 1058 ut
828 1023 1022 1058 exercitus
1041 1022 1089 1058 ab
1112 1035 1162 1069 se,
1184 1035 1245 1058 ex-

53 1094 138 1124 acto
158 1087 235 1124 iam
251 1100 369 1137 prope
383 1088 557 1124 semestri
574 1087 746 1136 imperio,
769 1087 996 1136 acciperent.

134 1151 317 1189 Omnium
345 1164 461 1201 prope
484 1152 641 1188 annales
666 1151 828 1188 Fabium
858 1152 1083 1189 dictatorem
1113 1152 1246 1189 adver·
1264 1158 1278 1182 Β

58 1229 123 1254 sus
160 1216 423 1253 Hannibalem
462 1229 540 1253 rem
574 1217 732 1266 gessisse
770 1217 931 1253 tradunt
945 1232 953 1264 3
1057 1259 1062 1264 ⁶
1212 1259 1218 1264 ⁵

58 1281 198 1318 Caelius
217 1281 334 1318 etiam
355 1294 442 1317 eum
461 1281 629 1330 primum
651 1293 673 1316 a
692 1281 833 1330 populo
853 1294 952 1318 crea·
981 1259 1244 1314 SES’ssfflssifl‘EssSEYg

55 1350 139 1381 tum
158 1344 385 1381 dictatorem
415 1344 556 1381 scribit.
617 1343 691 1381 Sed
724 1349 764 1380 et
794 1344 949 1381 Caelium
980 1321 1244 1376 initiuiiissvehsseecfflle‘i

981 1382 1243 1413 gularlyappointed.
1261 1368 1278 1391 9

58 1414 97 1445 et
136 1414 281 1446 ceteros
319 1409 430 1458 fugit,
470 1409 538 1445 um'
579 1409 727 1446 consuli
769 1409 836 1446 Cn.
871 1409 953 1446 Ser·

59 1473 162 1519 vilio,
192 1473 260 1522 qui
287 1478 371 1510 tum
402 1473 535 1522 procul
563 1474 605 1509 in
634 1473 761 1510 Gallia
784 1474 982 1522 provincia
1009 1475 1152 1521 aberat,
1182 1474 1243 1511 ius

56 1538 171 1574 fuisse
199 1537 352 1574 dicendi
385 1538 585 1574 dictatoris
599 1552 609 1585 3
647 1551 762 1587 quam
794 1551 937 1575 moram
971 1539 1062 1588 quia
1093 1552 1242 1588 exspec-
1265 1555 1295 1572 10

51 1607 132 1639 tare
152 1603 288 1639 territa
307 1602 384 1638 iam
404 1602 512 1639 clade
531 1602 668 1639 civitas
689 1615 768 1639 non
787 1608 950 1651 poterat,
973 1617 1016 1640 eo
1036 1603 1240 1640 decursum

50 1679 142 1713 esse,
172 1671 217 1703 ut
244 1679 267 1703 a
293 1667 434 1716 populo
463 1670 665 1712 crearetur,
698 1667 765 1715 qui
796 1681 865 1716 pro
898 1668 1085 1705 dictatore
1115 1673 1239 1716 esset3

50 1743 110 1767 res
135 1730 225 1767 inde
252 1736 380 1778 gestas
404 1730 643 1780 gloriamque
662 1731 853 1780 insignem
875 1732 983 1769 ducis
998 1737 1038 1769 et
1056 1737 1241 1782 augentes
1261 1751 1286 1766 1·

49 1794 210 1831 titulum
229 1794 410 1843 imaginis
430 1799 611 1844 posteros,
633 1800 688 1842 ut,
710 1796 779 1845 qui
797 1809 866 1845 pro
890 1797 1078 1834 dictatore
1095 1796 1241 1845 fui-sset

48 1859 212 1896 dictator
229 1859 457 1906 crederetur,
479 1860 590 1896 facile
613 1860 836 1897 obtinuisse.

129 1923 315 1960 Consules
343 1924 493 1961 Atilius
521 1925 707 1972 Fabiano,
730 1925 918 1962 Geminus
947 1926 1135 1964 Servilius
1164 1928 1239 1965 Mi·
1257 1925 1306 1962 32

49 1987 213 2024 nuciano
258 1988 431 2025 exercitu
477 1993 642 2038 accepto,
686 1989 944 2027 hibernaculis
973 2005 1029 2030 ‘rue
1119 2007 1238 2032 nomana

48 2054 198 2088 mature
230 2052 487 2099 communitis,
521 2053 624 2101 quod
655 2054 847 2103 reliquum
881 2068 943 2091 au·
972 2036 1237 2093 iissrmogssgiiiffi

47 2115 175 2152 tumni
211 2120 305 2162 erat,
346 2116 456 2153 Fabii
489 2118 638 2155 artibus
671 2131 756 2154 cum
796 2131 946 2155 summa
974 2097 1236 2152 mttltussntacoeptmg

46 2179 150 2217 inter
180 2192 220 2217 se
253 2181 454 2218 concordia
486 2182 630 2218 bellum
665 2188 875 2231 gesserunt.
935 2183 1234 2220 Frumentatum
1253 2208 1267 2224 2

45 2244 205 2281 exeunti
242 2245 459 2282 Hannibali
493 2246 654 2292 diversis
686 2247 779 2284 locis
816 2247 1024 2297 opportuni
1060 2248 1233 2295 aderant,

45 2313 243 2358 carpentes
261 2322 398 2358 agmen
418 2310 640 2359 palatosque
659 2311 895 2359 excipientes
909 2325 920 2358 3
947 2311 986 2347 in
1008 2324 1138 2349 casum
1152 2313 1234 2350 uni-
