<?xml version="1.0" encoding="UTF-8"?>
<!DOCTYPE html PUBLIC "-//W3C//DTD XHTML 1.0 Transitional//EN"
    "http://www.w3.org/TR/xhtml1/DTD/xhtml1-transitional.dtd">
<html xmlns="http://www.w3.org/1999/xhtml" xml:lang="en" lang="en">
 <head>
  <title>
</title>
<meta http-equiv="Content-Type" content="text/html;charset=utf-8" />
  <meta name='ocr-system' content='tesseract 3.04.00' />
  <meta name='ocr-capabilities' content='ocr_page ocr_carea ocr_par ocr_line ocrx_word'/>
</head>
<body>
  <div class='ocr_page' id='page_1' title='image "./booksxxixxiihann00livyuoft_0175.png"; bbox 0 0 1403 2438; ppageno 0'>
   <div class='ocr_carea' id='block_1_1' title="bbox 481 208 1247 247">
    <p class='ocr_par' dir='ltr' id='par_1_1' title="bbox 481 208 1247 247">
     <span class='ocr_line' id='line_1_1' title="bbox 481 208 1247 247; baseline -0.003 0"><span class='ocrx_word' id='word_1_1' title='bbox 481 210 649 247; x_wconf 72' lang='lat' dir='ltr'><em>LIBER</em></span> <span class='ocrx_word' id='word_1_2' title='bbox 687 209 828 246; x_wconf 83' lang='lat' dir='ltr'><em>XXII.</em></span> <span class='ocrx_word' id='word_1_3' title='bbox 1174 208 1247 246; x_wconf 88' lang='grc'>109</span> 
     </span>
    </p>
   </div>
   <div class='ocr_carea' id='block_1_2' title="bbox 57 308 1282 806">
    <p class='ocr_par' dir='ltr' id='par_1_2' title="bbox 59 308 1282 676">
     <span class='ocr_line' id='line_1_2' title="bbox 63 308 1246 359; baseline -0.001 -13"><span class='ocrx_word' id='word_1_4' title='bbox 63 309 189 359; x_wconf 83' lang='lat' dir='ltr'>plures</span> <span class='ocrx_word' id='word_1_5' title='bbox 216 309 331 345; x_wconf 87' lang='lat' dir='ltr'>simul</span> <span class='ocrx_word' id='word_1_6' title='bbox 362 314 467 357; x_wconf 82' lang='lat' dir='ltr'>terga</span> <span class='ocrx_word' id='word_1_7' title='bbox 495 308 692 353; x_wconf 83' lang='lat' dir='ltr'>dederant,</span> <span class='ocrx_word' id='word_1_8' title='bbox 722 308 894 344; x_wconf 82' lang='lat' dir='ltr'>conversi</span> <span class='ocrx_word' id='word_1_9' title='bbox 924 309 964 344; x_wconf 90' lang='lat' dir='ltr'>in</span> <span class='ocrx_word' id='word_1_10' title='bbox 994 308 1140 345; x_wconf 79' lang='lat' dir='ltr'>hostem</span> <span class='ocrx_word' id='word_1_11' title='bbox 1172 310 1246 345; x_wconf 89' lang='lat' dir='ltr'>vol-</span> 
     </span>
     <span class='ocr_line' id='line_1_3' title="bbox 62 372 1249 422; baseline 0 -12"><span class='ocrx_word' id='word_1_12' title='bbox 62 379 270 422; x_wconf 83' lang='lat' dir='ltr'>ventesque</span> <span class='ocrx_word' id='word_1_13' title='bbox 303 373 432 409; x_wconf 87' lang='lat' dir='ltr'>orbem</span> <span class='ocrx_word' id='word_1_14' title='bbox 464 385 566 409; x_wconf 88' lang='lat' dir='ltr'>nunc</span> <span class='ocrx_word' id='word_1_15' title='bbox 603 372 743 409; x_wconf 85' lang='lat' dir='ltr'>sensim</span> <span class='ocrx_word' id='word_1_16' title='bbox 781 372 922 409; x_wconf 84' lang='lat' dir='ltr'>referre</span> <span class='ocrx_word' id='word_1_17' title='bbox 960 373 1104 422; x_wconf 89' lang='lat' dir='ltr'>pedem,</span> <span class='ocrx_word' id='word_1_18' title='bbox 1146 387 1249 410; x_wconf 89' lang='lat' dir='ltr'>nunc</span> 
     </span>
     <span class='ocr_line' id='line_1_4' title="bbox 60 436 1282 486; baseline 0 -13"><span class='ocrx_word' id='word_1_19' title='bbox 60 436 276 486; x_wconf 85' lang='lat' dir='ltr'>conglobati</span> <span class='ocrx_word' id='word_1_20' title='bbox 298 441 449 473; x_wconf 85' lang='lat' dir='ltr'>restare.</span> <span class='ocrx_word' id='word_1_21' title='bbox 513 437 573 472; x_wconf 87' lang='lat' dir='ltr'>Ac</span> <span class='ocrx_word' id='word_1_22' title='bbox 593 436 667 472; x_wconf 87' lang='lat' dir='ltr'>iam</span> <span class='ocrx_word' id='word_1_23' title='bbox 696 448 812 484; x_wconf 82' lang='lat' dir='ltr'>prope</span> <span class='ocrx_word' id='word_1_24' title='bbox 833 448 910 471; x_wconf 87' lang='lat' dir='ltr'>una</span> <span class='ocrx_word' id='word_1_25' title='bbox 928 436 1026 472; x_wconf 84' lang='lat' dir='ltr'>acies</span> <span class='ocrx_word' id='word_1_26' title='bbox 1044 437 1147 474; x_wconf 88' lang='lat' dir='ltr'>facta</span> <span class='ocrx_word' id='word_1_27' title='bbox 1165 443 1249 474; x_wconf 83' lang='lat' dir='ltr'>erat</span> <span class='ocrx_word' id='word_1_28' title='bbox 1266 449 1282 473; x_wconf 85' lang='lat'><strong>6</strong></span> 
     </span>
     <span class='ocr_line' id='line_1_5' title="bbox 61 499 1246 550; baseline 0.001 -14"><span class='ocrx_word' id='word_1_29' title='bbox 61 500 153 537; x_wconf 87' lang='lat' dir='ltr'>victi</span> <span class='ocrx_word' id='word_1_30' title='bbox 181 505 298 550; x_wconf 85' lang='lat' dir='ltr'>atque</span> <span class='ocrx_word' id='word_1_31' title='bbox 331 500 470 549; x_wconf 84' lang='lat' dir='ltr'>integri</span> <span class='ocrx_word' id='word_1_32' title='bbox 504 499 706 544; x_wconf 82' lang='lat' dir='ltr'>exercitus,</span> <span class='ocrx_word' id='word_1_33' title='bbox 738 500 1028 548; x_wconf 80' lang='lat' dir='ltr'>inferebantque</span> <span class='ocrx_word' id='word_1_34' title='bbox 1066 501 1175 549; x_wconf 86' lang='lat' dir='ltr'>signa</span> <span class='ocrx_word' id='word_1_35' title='bbox 1206 501 1246 537; x_wconf 89' lang='lat' dir='ltr'>in</span> 
     </span>
     <span class='ocr_line' id='line_1_6' title="bbox 59 563 1247 614; baseline 0 -13"><span class='ocrx_word' id='word_1_36' title='bbox 59 564 217 610; x_wconf 72' lang='lat' dir='ltr'>hostem,</span> <span class='ocrx_word' id='word_1_37' title='bbox 247 577 366 614; x_wconf 93' lang='lat' dir='ltr'>quum</span> <span class='ocrx_word' id='word_1_38' title='bbox 398 564 538 600; x_wconf 82' lang='lat' dir='ltr'>Poenus</span> <span class='ocrx_word' id='word_1_39' title='bbox 568 563 737 612; x_wconf 89' lang='lat' dir='ltr'>receptui</span> <span class='ocrx_word' id='word_1_40' title='bbox 766 563 914 611; x_wconf 85' lang='lat' dir='ltr'>cecinit,</span> <span class='ocrx_word' id='word_1_41' title='bbox 946 564 1070 612; x_wconf 84' lang='lat' dir='ltr'>palam</span> <span class='ocrx_word' id='word_1_42' title='bbox 1102 564 1247 602; x_wconf 85' lang='lat' dir='ltr'>ferente</span> 
     </span>
     <span class='ocr_line' id='line_1_7' title="bbox 61 628 1122 676; baseline 0.001 -10"><span class='ocrx_word' id='word_1_43' title='bbox 61 629 294 676; x_wconf 81' lang='lat' dir='ltr'>Hannibale,</span> <span class='ocrx_word' id='word_1_44' title='bbox 314 629 363 666; x_wconf 81' lang='lat' dir='ltr'>ab</span> <span class='ocrx_word' id='word_1_45' title='bbox 382 641 421 666; x_wconf 83' lang='lat' dir='ltr'>se</span> <span class='ocrx_word' id='word_1_46' title='bbox 442 628 673 673; x_wconf 90' lang='lat' dir='ltr'>Minucium,</span> <span class='ocrx_word' id='word_1_47' title='bbox 697 641 735 664; x_wconf 85' lang='lat' dir='ltr'>se</span> <span class='ocrx_word' id='word_1_48' title='bbox 755 629 803 664; x_wconf 82' lang='lat' dir='ltr'>ab</span> <span class='ocrx_word' id='word_1_49' title='bbox 823 628 943 664; x_wconf 87' lang='lat' dir='ltr'>Fabio</span> <span class='ocrx_word' id='word_1_50' title='bbox 966 629 1122 667; x_wconf 83' lang='lat' dir='ltr'>victum.</span> 
     </span>
    </p>

    <p class='ocr_par' dir='ltr' id='par_1_3' title="bbox 57 692 1279 806">
     <span class='ocr_line' id='line_1_8' title="bbox 139 692 1279 742; baseline 0.001 -13"><span class='ocrx_word' id='word_1_51' title='bbox 139 692 201 729; x_wconf 84' lang='lat' dir='ltr'>Ita</span> <span class='ocrx_word' id='word_1_52' title='bbox 226 705 295 742; x_wconf 88' lang='lat' dir='ltr'>per</span> <span class='ocrx_word' id='word_1_53' title='bbox 320 692 466 728; x_wconf 87' lang='lat' dir='ltr'>variam</span> <span class='ocrx_word' id='word_1_54' title='bbox 493 693 688 728; x_wconf 85' lang='lat' dir='ltr'>fortunam</span> <span class='ocrx_word' id='word_1_55' title='bbox 714 692 790 728; x_wconf 90' lang='lat' dir='ltr'>diei</span> <span class='ocrx_word' id='word_1_56' title='bbox 810 692 952 728; x_wconf 86' lang='lat' dir='ltr'>maiore</span> <span class='ocrx_word' id='word_1_57' title='bbox 971 697 1080 741; x_wconf 85' lang='lat' dir='ltr'>parte</span> <span class='ocrx_word' id='word_1_58' title='bbox 1099 698 1245 740; x_wconf 84' lang='lat' dir='ltr'>exacta,</span> <span class='ocrx_word' id='word_1_59' title='bbox 1265 713 1279 737; x_wconf 88' lang='lat'>7</span> 
     </span>
     <span class='ocr_line' id='line_1_9' title="bbox 57 756 1246 806; baseline -0.001 -13"><span class='ocrx_word' id='word_1_60' title='bbox 57 769 176 806; x_wconf 87' lang='lat' dir='ltr'>quum</span> <span class='ocrx_word' id='word_1_61' title='bbox 199 757 240 793; x_wconf 90' lang='lat' dir='ltr'>in</span> <span class='ocrx_word' id='word_1_62' title='bbox 269 761 393 793; x_wconf 76' lang='lat' dir='ltr'>castra</span> <span class='ocrx_word' id='word_1_63' title='bbox 420 757 586 793; x_wconf 86' lang='lat' dir='ltr'>reditum</span> <span class='ocrx_word' id='word_1_64' title='bbox 612 760 720 802; x_wconf 83' lang='lat' dir='ltr'>esset,</span> <span class='ocrx_word' id='word_1_65' title='bbox 742 756 950 801; x_wconf 71' lang='lat' dir='ltr'>Minucius,</span> <span class='ocrx_word' id='word_1_66' title='bbox 980 772 1044 797; x_wconf 69' lang='lat' dir='ltr'>This</span> <span class='ocrx_word' id='word_1_67' title='bbox 1060 773 1184 797; x_wconf 53' lang='lat' dir='ltr'>nummos</span> <span class='ocrx_word' id='word_1_68' title='bbox 1199 773 1246 797; x_wconf 80' lang='lat' dir='ltr'>the</span> 
     </span>
    </p>
   </div>
   <div class='ocr_carea' id='block_1_3' title="bbox 57 803 1279 870">
    <p class='ocr_par' dir='ltr' id='par_1_4' title="bbox 57 803 1279 870">
     <span class='ocr_line' id='line_1_10' title="bbox 57 803 1279 870; baseline 0.001 -13"><span class='ocrx_word' id='word_1_69' title='bbox 57 822 276 858; x_wconf 83' lang='lat' dir='ltr'>convocatis</span> <span class='ocrx_word' id='word_1_70' title='bbox 302 821 504 867; x_wconf 78' lang='lat' dir='ltr'>militibus,</span> <span class='ocrx_word' id='word_1_71' title='bbox 534 820 677 870; x_wconf 82' lang='lat' dir='ltr'>“Saepe</span> <span class='ocrx_word' id='word_1_72' title='bbox 697 833 766 869; x_wconf 86' lang='lat' dir='ltr'>ego</span> <span class='ocrx_word' id='word_1_73' title='bbox 778 820 797 837; x_wconf 88' lang='lat'>’&#39;</span> <span class='ocrx_word' id='word_1_74' title='bbox 824 821 953 870; x_wconf 85' lang='lat' dir='ltr'>inquit</span> <span class='ocrx_word' id='word_1_75' title='bbox 980 803 1246 864; x_wconf 51' lang='grc' dir='ltr'>ξυῖἷὲθιιῗιξιεὶῗῖἶῗέῗέ</span> <span class='ocrx_word' id='word_1_76' title='bbox 1265 838 1279 862; x_wconf 81' lang='lat'>3</span> 
     </span>
    </p>
   </div>
   <div class='ocr_carea' id='block_1_4' title="bbox 45 865 1308 2354">
    <p class='ocr_par' dir='ltr' id='par_1_5' title="bbox 45 865 1308 2354">
     <span class='ocr_line' id='line_1_11' title="bbox 58 865 1246 935; baseline -0.003 -12"><span class='ocrx_word' id='word_1_77' title='bbox 58 889 81 907; x_wconf 80' lang='lat'>‘⁴</span> <span class='ocrx_word' id='word_1_78' title='bbox 93 886 236 933; x_wconf 83' lang='lat' dir='ltr'>audivi,</span> <span class='ocrx_word' id='word_1_79' title='bbox 254 886 407 931; x_wconf 76' lang='lat' dir='ltr'>milites,</span> <span class='ocrx_word' id='word_1_80' title='bbox 425 899 511 923; x_wconf 91' lang='lat' dir='ltr'>eum</span> <span class='ocrx_word' id='word_1_81' title='bbox 532 886 699 935; x_wconf 81' lang='lat' dir='ltr'>primum</span> <span class='ocrx_word' id='word_1_82' title='bbox 716 898 796 922; x_wconf 89' lang='lat' dir='ltr'>esse</span> <span class='ocrx_word' id='word_1_83' title='bbox 811 885 950 931; x_wconf 78' lang='lat' dir='ltr'>virum,</span> <span class='ocrx_word' id='word_1_84' title='bbox 980 865 1174 926; x_wconf 47' lang='lat' dir='ltr'>ssssgiiilnsptiffl.</span> <span class='ocrx_word' id='word_1_85' title='bbox 1204 866 1246 890; x_wconf 63' lang='lat'>¹¹¹⁸</span> 
     </span>
     <span class='ocr_line' id='line_1_12' title="bbox 55 950 1244 1000; baseline 0 -14"><span class='ocrx_word' id='word_1_86' title='bbox 55 951 123 1000; x_wconf 93' lang='lat' dir='ltr'>qui</span> <span class='ocrx_word' id='word_1_87' title='bbox 149 951 230 999; x_wconf 89' lang='lat' dir='ltr'>ipse</span> <span class='ocrx_word' id='word_1_88' title='bbox 255 951 442 995; x_wconf 78' lang='lat' dir='ltr'>consulat,</span> <span class='ocrx_word' id='word_1_89' title='bbox 464 950 557 999; x_wconf 77' lang='lat' dir='ltr'>quid</span> <span class='ocrx_word' id='word_1_90' title='bbox 581 950 622 986; x_wconf 88' lang='lat' dir='ltr'>in</span> <span class='ocrx_word' id='word_1_91' title='bbox 642 963 723 987; x_wconf 90' lang='lat' dir='ltr'>rem</span> <span class='ocrx_word' id='word_1_92' title='bbox 742 950 806 995; x_wconf 84' lang='lat' dir='ltr'>sit,</span> <span class='ocrx_word' id='word_1_93' title='bbox 827 950 1036 987; x_wconf 82' lang='lat' dir='ltr'>secundum</span> <span class='ocrx_word' id='word_1_94' title='bbox 1057 962 1156 996; x_wconf 89' lang='lat' dir='ltr'>eum,</span> <span class='ocrx_word' id='word_1_95' title='bbox 1177 950 1244 998; x_wconf 91' lang='lat' dir='ltr'>qui</span> 
     </span>
     <span class='ocr_line' id='line_1_13' title="bbox 58 1013 1244 1063; baseline 0 -13"><span class='ocrx_word' id='word_1_96' title='bbox 58 1015 152 1052; x_wconf 84' lang='lat' dir='ltr'>bene</span> <span class='ocrx_word' id='word_1_97' title='bbox 190 1014 367 1051; x_wconf 81' lang='lat' dir='ltr'>monenti</span> <span class='ocrx_word' id='word_1_98' title='bbox 401 1015 580 1060; x_wconf 78' lang='lat' dir='ltr'>obediat3</span> <span class='ocrx_word' id='word_1_99' title='bbox 621 1015 687 1062; x_wconf 88' lang='lat' dir='ltr'>qui</span> <span class='ocrx_word' id='word_1_100' title='bbox 722 1026 791 1051; x_wconf 88' lang='lat' dir='ltr'>nec</span> <span class='ocrx_word' id='word_1_101' title='bbox 827 1014 909 1063; x_wconf 86' lang='lat' dir='ltr'>ipse</span> <span class='ocrx_word' id='word_1_102' title='bbox 945 1013 1142 1050; x_wconf 89' lang='lat' dir='ltr'>consulere</span> <span class='ocrx_word' id='word_1_103' title='bbox 1174 1026 1244 1050; x_wconf 87' lang='lat' dir='ltr'>nec</span> 
     </span>
     <span class='ocr_line' id='line_1_14' title="bbox 54 1078 1278 1128; baseline -0.001 -13"><span class='ocrx_word' id='word_1_104' title='bbox 54 1079 166 1116; x_wconf 83' lang='lat' dir='ltr'>alteri</span> <span class='ocrx_word' id='word_1_105' title='bbox 195 1092 328 1128; x_wconf 85' lang='lat' dir='ltr'>parere</span> <span class='ocrx_word' id='word_1_106' title='bbox 356 1079 463 1124; x_wconf 78' lang='lat' dir='ltr'>sciat,</span> <span class='ocrx_word' id='word_1_107' title='bbox 493 1091 580 1115; x_wconf 88' lang='lat' dir='ltr'>eum</span> <span class='ocrx_word' id='word_1_108' title='bbox 610 1079 775 1115; x_wconf 76' lang='lat' dir='ltr'>extremi</span> <span class='ocrx_word' id='word_1_109' title='bbox 799 1078 945 1127; x_wconf 87' lang='lat' dir='ltr'>ingenii</span> <span class='ocrx_word' id='word_1_110' title='bbox 970 1091 1060 1115; x_wconf 84' lang='lat' dir='ltr'>esse.</span> <span class='ocrx_word' id='word_1_111' title='bbox 1119 1078 1244 1114; x_wconf 85' lang='lat' dir='ltr'>Nobis</span> <span class='ocrx_word' id='word_1_112' title='bbox 1263 1095 1278 1118; x_wconf 90' lang='lat'>9</span> 
     </span>
     <span class='ocr_line' id='line_1_15' title="bbox 54 1143 1243 1192; baseline -0.001 -12"><span class='ocrx_word' id='word_1_113' title='bbox 54 1144 236 1192; x_wconf 89' lang='lat' dir='ltr'>quoniam</span> <span class='ocrx_word' id='word_1_114' title='bbox 266 1143 390 1192; x_wconf 85' lang='lat' dir='ltr'>prima</span> <span class='ocrx_word' id='word_1_115' title='bbox 418 1143 539 1179; x_wconf 85' lang='lat' dir='ltr'>animi</span> <span class='ocrx_word' id='word_1_116' title='bbox 567 1143 791 1192; x_wconf 67' lang='lat' dir='ltr'>ingeniique</span> <span class='ocrx_word' id='word_1_117' title='bbox 820 1147 959 1192; x_wconf 85' lang='lat' dir='ltr'>negata</span> <span class='ocrx_word' id='word_1_118' title='bbox 986 1156 1065 1179; x_wconf 88' lang='lat' dir='ltr'>sors</span> <span class='ocrx_word' id='word_1_119' title='bbox 1094 1147 1162 1188; x_wconf 83' lang='lat' dir='ltr'>est,</span> <span class='ocrx_word' id='word_1_120' title='bbox 1190 1155 1243 1179; x_wconf 88' lang='lat' dir='ltr'>se-</span> 
     </span>
     <span class='ocr_line' id='line_1_16' title="bbox 53 1207 1244 1256; baseline 0 -13"><span class='ocrx_word' id='word_1_121' title='bbox 53 1208 216 1244; x_wconf 87' lang='lat' dir='ltr'>cundam</span> <span class='ocrx_word' id='word_1_122' title='bbox 245 1221 288 1244; x_wconf 85' lang='lat' dir='ltr'>ac</span> <span class='ocrx_word' id='word_1_123' title='bbox 318 1208 481 1245; x_wconf 79' lang='lat' dir='ltr'>mediam</span> <span class='ocrx_word' id='word_1_124' title='bbox 514 1214 711 1244; x_wconf 80' lang='lat' dir='ltr'>teneamus</span> <span class='ocrx_word' id='word_1_125' title='bbox 747 1213 796 1251; x_wconf 89' lang='lat' dir='ltr'>et,</span> <span class='ocrx_word' id='word_1_126' title='bbox 833 1207 926 1244; x_wconf 88' lang='lat' dir='ltr'>dum</span> <span class='ocrx_word' id='word_1_127' title='bbox 955 1209 1144 1256; x_wconf 83' lang='lat' dir='ltr'>imperare</span> <span class='ocrx_word' id='word_1_128' title='bbox 1171 1208 1244 1244; x_wconf 88' lang='lat' dir='ltr'>dis-</span> 
     </span>
     <span class='ocr_line' id='line_1_17' title="bbox 53 1272 1294 1322; baseline 0 -14"><span class='ocrx_word' id='word_1_129' title='bbox 53 1272 186 1318; x_wconf 83' lang='lat' dir='ltr'>cimus,</span> <span class='ocrx_word' id='word_1_130' title='bbox 207 1285 340 1321; x_wconf 81' lang='lat' dir='ltr'>parere</span> <span class='ocrx_word' id='word_1_131' title='bbox 361 1272 545 1322; x_wconf 76' lang='lat' dir='ltr'>prudenti</span> <span class='ocrx_word' id='word_1_132' title='bbox 565 1274 604 1308; x_wconf 84' lang='lat' dir='ltr'>iu</span> <span class='ocrx_word' id='word_1_133' title='bbox 625 1272 797 1308; x_wconf 84' lang='lat' dir='ltr'>animum</span> <span class='ocrx_word' id='word_1_134' title='bbox 817 1273 1057 1309; x_wconf 86' lang='lat' dir='ltr'>inducamus.</span> <span class='ocrx_word' id='word_1_135' title='bbox 1108 1273 1243 1309; x_wconf 78' lang='lat' dir='ltr'>Castra</span> <span class='ocrx_word' id='word_1_136' title='bbox 1265 1290 1294 1306; x_wconf 89' lang='grc' dir='ltr'>ιο</span> 
     </span>
     <span class='ocr_line' id='line_1_18' title="bbox 52 1337 1241 1387; baseline 0 -13"><span class='ocrx_word' id='word_1_137' title='bbox 52 1350 139 1375; x_wconf 82' lang='grc'><strong>011111</strong></span> <span class='ocrx_word' id='word_1_138' title='bbox 162 1338 281 1374; x_wconf 90' lang='lat' dir='ltr'>Fabio</span> <span class='ocrx_word' id='word_1_139' title='bbox 300 1338 516 1386; x_wconf 81' lang='lat' dir='ltr'>iungamus.</span> <span class='ocrx_word' id='word_1_140' title='bbox 566 1337 631 1373; x_wconf 91' lang='lat' dir='ltr'>Ad</span> <span class='ocrx_word' id='word_1_141' title='bbox 651 1337 873 1386; x_wconf 81' lang='lat' dir='ltr'>praetorium</span> <span class='ocrx_word' id='word_1_142' title='bbox 893 1337 976 1374; x_wconf 88' lang='lat' dir='ltr'>eius</span> <span class='ocrx_word' id='word_1_143' title='bbox 994 1337 1102 1387; x_wconf 86' lang='lat' dir='ltr'>signa</span> <span class='ocrx_word' id='word_1_144' title='bbox 1121 1351 1241 1387; x_wconf 91' lang='lat' dir='ltr'>quum</span> 
     </span>
     <span class='ocr_line' id='line_1_19' title="bbox 53 1402 1241 1451; baseline -0.001 -12"><span class='ocrx_word' id='word_1_145' title='bbox 53 1402 266 1446; x_wconf 75' lang='lat' dir='ltr'>tulerimus,</span> <span class='ocrx_word' id='word_1_146' title='bbox 301 1403 368 1439; x_wconf 90' lang='lat' dir='ltr'>ubi</span> <span class='ocrx_word' id='word_1_147' title='bbox 401 1415 469 1451; x_wconf 88' lang='lat' dir='ltr'>ego</span> <span class='ocrx_word' id='word_1_148' title='bbox 500 1415 588 1439; x_wconf 90' lang='lat' dir='ltr'>eum</span> <span class='ocrx_word' id='word_1_149' title='bbox 621 1407 820 1451; x_wconf 83' lang='lat' dir='ltr'>parentem</span> <span class='ocrx_word' id='word_1_150' title='bbox 851 1402 1104 1451; x_wconf 82' lang='lat' dir='ltr'>appellavero,</span> <span class='ocrx_word' id='word_1_151' title='bbox 1140 1403 1241 1451; x_wconf 86' lang='lat' dir='ltr'>quod</span> 
     </span>
     <span class='ocr_line' id='line_1_20' title="bbox 52 1466 1239 1516; baseline 0.002 -14"><span class='ocrx_word' id='word_1_152' title='bbox 52 1466 235 1504; x_wconf 88' lang='lat' dir='ltr'>beneficio</span> <span class='ocrx_word' id='word_1_153' title='bbox 264 1467 346 1503; x_wconf 84' lang='lat' dir='ltr'>eius</span> <span class='ocrx_word' id='word_1_154' title='bbox 374 1479 463 1516; x_wconf 87' lang='lat' dir='ltr'>erga</span> <span class='ocrx_word' id='word_1_155' title='bbox 491 1479 561 1503; x_wconf 86' lang='lat' dir='ltr'>nos</span> <span class='ocrx_word' id='word_1_156' title='bbox 590 1479 633 1503; x_wconf 92' lang='grc'><strong>30</strong></span> <span class='ocrx_word' id='word_1_157' title='bbox 662 1468 862 1503; x_wconf 86' lang='lat' dir='ltr'>maiestate</span> <span class='ocrx_word' id='word_1_158' title='bbox 884 1466 967 1503; x_wconf 87' lang='lat' dir='ltr'>eius</span> <span class='ocrx_word' id='word_1_159' title='bbox 989 1466 1148 1515; x_wconf 84' lang='lat' dir='ltr'>dignum</span> <span class='ocrx_word' id='word_1_160' title='bbox 1170 1471 1239 1514; x_wconf 86' lang='lat' dir='ltr'>est,</span> 
     </span>
     <span class='ocr_line' id='line_1_21' title="bbox 52 1531 1287 1580; baseline 0.001 -13"><span class='ocrx_word' id='word_1_161' title='bbox 52 1543 130 1577; x_wconf 85' lang='lat' dir='ltr'>vos,</span> <span class='ocrx_word' id='word_1_162' title='bbox 164 1531 317 1577; x_wconf 82' lang='lat' dir='ltr'>milites,</span> <span class='ocrx_word' id='word_1_163' title='bbox 349 1544 425 1577; x_wconf 88' lang='lat' dir='ltr'>eos,</span> <span class='ocrx_word' id='word_1_164' title='bbox 455 1543 617 1580; x_wconf 90' lang='lat' dir='ltr'>quorum</span> <span class='ocrx_word' id='word_1_165' title='bbox 648 1544 715 1567; x_wconf 82' lang='lat' dir='ltr'>vos</span> <span class='ocrx_word' id='word_1_166' title='bbox 744 1531 856 1567; x_wconf 89' lang='lat' dir='ltr'>modo</span> <span class='ocrx_word' id='word_1_167' title='bbox 878 1543 986 1567; x_wconf 88' lang='lat' dir='ltr'>arma</span> <span class='ocrx_word' id='word_1_168' title='bbox 1010 1544 1054 1568; x_wconf 84' lang='lat' dir='ltr'>ac</span> <span class='ocrx_word' id='word_1_169' title='bbox 1073 1531 1240 1568; x_wconf 85' lang='lat' dir='ltr'>dexterae</span> <span class='ocrx_word' id='word_1_170' title='bbox 1263 1548 1287 1564; x_wconf 84' lang='lat' dir='ltr'>n</span> 
     </span>
     <span class='ocr_line' id='line_1_22' title="bbox 51 1595 1239 1645; baseline 0 -13"><span class='ocrx_word' id='word_1_171' title='bbox 51 1600 245 1642; x_wconf 83' lang='lat' dir='ltr'>texerunt,</span> <span class='ocrx_word' id='word_1_172' title='bbox 276 1600 455 1645; x_wconf 84' lang='lat' dir='ltr'>patronos</span> <span class='ocrx_word' id='word_1_173' title='bbox 485 1595 716 1640; x_wconf 84' lang='lat' dir='ltr'>salutabitis,</span> <span class='ocrx_word' id='word_1_174' title='bbox 747 1599 796 1641; x_wconf 90' lang='lat' dir='ltr'>et,</span> <span class='ocrx_word' id='word_1_175' title='bbox 827 1595 861 1631; x_wconf 86' lang='lat' dir='ltr'>si</span> <span class='ocrx_word' id='word_1_176' title='bbox 888 1595 988 1631; x_wconf 83' lang='lat' dir='ltr'>nihil</span> <span class='ocrx_word' id='word_1_177' title='bbox 1013 1595 1129 1641; x_wconf 88' lang='lat' dir='ltr'>aliud,</span> <span class='ocrx_word' id='word_1_178' title='bbox 1156 1609 1239 1645; x_wconf 88' lang='lat' dir='ltr'>gra-</span> 
     </span>
     <span class='ocr_line' id='line_1_23' title="bbox 51 1659 1238 1708; baseline 0 -12"><span class='ocrx_word' id='word_1_179' title='bbox 51 1664 179 1696; x_wconf 88' lang='lat' dir='ltr'>torum</span> <span class='ocrx_word' id='word_1_180' title='bbox 199 1664 301 1696; x_wconf 84' lang='lat' dir='ltr'>certe</span> <span class='ocrx_word' id='word_1_181' title='bbox 320 1660 430 1696; x_wconf 82' lang='lat' dir='ltr'>nobis</span> <span class='ocrx_word' id='word_1_182' title='bbox 450 1660 668 1696; x_wconf 86' lang='lat' dir='ltr'>animorum</span> <span class='ocrx_word' id='word_1_183' title='bbox 688 1659 850 1708; x_wconf 84' lang='lat' dir='ltr'>gloriam</span> <span class='ocrx_word' id='word_1_184' title='bbox 873 1659 954 1696; x_wconf 88' lang='lat' dir='ltr'>dies</span> <span class='ocrx_word' id='word_1_185' title='bbox 974 1659 1036 1696; x_wconf 89' lang='lat' dir='ltr'>hic</span> <span class='ocrx_word' id='word_1_186' title='bbox 1056 1660 1238 1697; x_wconf 57' lang='lat' dir='ltr'>dederitst’</span> 
     </span>
     <span class='ocr_line' id='line_1_24' title="bbox 51 1723 1308 1774; baseline -0.002 -13"><span class='ocrx_word' id='word_1_187' title='bbox 51 1724 168 1774; x_wconf 88' lang='lat' dir='ltr'>Signo</span> <span class='ocrx_word' id='word_1_188' title='bbox 187 1724 279 1761; x_wconf 85' lang='lat' dir='ltr'>dato</span> <span class='ocrx_word' id='word_1_189' title='bbox 297 1724 560 1761; x_wconf 83' lang='lat' dir='ltr'>conclamatur</span> <span class='ocrx_word' id='word_1_190' title='bbox 579 1724 680 1770; x_wconf 88' lang='lat' dir='ltr'>inde,</span> <span class='ocrx_word' id='word_1_191' title='bbox 698 1729 744 1760; x_wconf 90' lang='lat' dir='ltr'>ut</span> <span class='ocrx_word' id='word_1_192' title='bbox 759 1723 992 1773; x_wconf 84' lang='lat' dir='ltr'>colligantur</span> <span class='ocrx_word' id='word_1_193' title='bbox 1006 1737 1105 1762; x_wconf 81' lang='lat' dir='ltr'>vasa.</span> <span class='ocrx_word' id='word_1_194' title='bbox 1148 1724 1240 1761; x_wconf 91' lang='lat' dir='ltr'>Pro-</span> <span class='ocrx_word' id='word_1_195' title='bbox 1259 1723 1308 1759; x_wconf 91' lang='lat'>30</span> 
     </span>
     <span class='ocr_line' id='line_1_25' title="bbox 49 1788 1239 1838; baseline 0 -13"><span class='ocrx_word' id='word_1_196' title='bbox 49 1788 142 1825; x_wconf 87' lang='lat' dir='ltr'>fecti</span> <span class='ocrx_word' id='word_1_197' title='bbox 166 1792 207 1825; x_wconf 88' lang='lat' dir='ltr'>et</span> <span class='ocrx_word' id='word_1_198' title='bbox 230 1789 384 1838; x_wconf 85' lang='lat' dir='ltr'>agmine</span> <span class='ocrx_word' id='word_1_199' title='bbox 407 1789 629 1825; x_wconf 84' lang='lat' dir='ltr'>incedentes</span> <span class='ocrx_word' id='word_1_200' title='bbox 652 1789 708 1825; x_wconf 83' lang='lat' dir='ltr'>ad</span> <span class='ocrx_word' id='word_1_201' title='bbox 733 1788 933 1825; x_wconf 84' lang='lat' dir='ltr'>dictatoris</span> <span class='ocrx_word' id='word_1_202' title='bbox 956 1792 1080 1825; x_wconf 85' lang='lat' dir='ltr'>castra</span> <span class='ocrx_word' id='word_1_203' title='bbox 1107 1789 1150 1825; x_wconf 85' lang='lat' dir='ltr'>in</span> <span class='ocrx_word' id='word_1_204' title='bbox 1176 1789 1239 1826; x_wconf 85' lang='lat' dir='ltr'>ad·</span> 
     </span>
     <span class='ocr_line' id='line_1_26' title="bbox 49 1853 1238 1902; baseline -0.001 -12"><span class='ocrx_word' id='word_1_205' title='bbox 49 1854 294 1890; x_wconf 88' lang='lat' dir='ltr'>mirationem</span> <span class='ocrx_word' id='word_1_206' title='bbox 321 1858 362 1890; x_wconf 89' lang='lat' dir='ltr'>et</span> <span class='ocrx_word' id='word_1_207' title='bbox 383 1853 510 1902; x_wconf 83' lang='lat' dir='ltr'>ipsum</span> <span class='ocrx_word' id='word_1_208' title='bbox 539 1858 579 1890; x_wconf 86' lang='lat' dir='ltr'>et</span> <span class='ocrx_word' id='word_1_209' title='bbox 607 1866 750 1900; x_wconf 83' lang='lat' dir='ltr'>omnes,</span> <span class='ocrx_word' id='word_1_210' title='bbox 781 1853 849 1902; x_wconf 92' lang='lat' dir='ltr'>qui</span> <span class='ocrx_word' id='word_1_211' title='bbox 876 1853 976 1889; x_wconf 86' lang='lat' dir='ltr'>circa</span> <span class='ocrx_word' id='word_1_212' title='bbox 1003 1858 1124 1900; x_wconf 87' lang='lat' dir='ltr'>erant,</span> <span class='ocrx_word' id='word_1_213' title='bbox 1153 1867 1238 1890; x_wconf 84' lang='lat' dir='ltr'>con-</span> 
     </span>
     <span class='ocr_line' id='line_1_27' title="bbox 49 1918 1270 1967; baseline 0.001 -14"><span class='ocrx_word' id='word_1_214' title='bbox 49 1921 259 1954; x_wconf 86' lang='lat' dir='ltr'>verterunt.</span> <span class='ocrx_word' id='word_1_215' title='bbox 325 1918 386 1955; x_wconf 87' lang='lat' dir='ltr'>Ut</span> <span class='ocrx_word' id='word_1_216' title='bbox 417 1918 629 1954; x_wconf 85' lang='lat' dir='ltr'>constituta</span> <span class='ocrx_word' id='word_1_217' title='bbox 662 1924 754 1954; x_wconf 84' lang='lat' dir='ltr'>sunt</span> <span class='ocrx_word' id='word_1_218' title='bbox 792 1921 883 1954; x_wconf 91' lang='lat' dir='ltr'>ante</span> <span class='ocrx_word' id='word_1_219' title='bbox 912 1918 1085 1955; x_wconf 85' lang='lat' dir='ltr'>tribunal</span> <span class='ocrx_word' id='word_1_220' title='bbox 1117 1918 1237 1967; x_wconf 86' lang='lat' dir='ltr'>signa,</span> <span class='ocrx_word' id='word_1_221' title='bbox 1259 1944 1270 1958; x_wconf 70' lang='lat'><em>2</em></span> 
     </span>
     <span class='ocr_line' id='line_1_28' title="bbox 48 1981 1235 2032; baseline 0.002 -14"><span class='ocrx_word' id='word_1_222' title='bbox 48 1994 269 2031; x_wconf 81' lang='lat' dir='ltr'>progressus</span> <span class='ocrx_word' id='word_1_223' title='bbox 294 1986 385 2019; x_wconf 87' lang='lat' dir='ltr'>ante</span> <span class='ocrx_word' id='word_1_224' title='bbox 410 1982 505 2019; x_wconf 81' lang='lat' dir='ltr'>alios</span> <span class='ocrx_word' id='word_1_225' title='bbox 527 1982 711 2031; x_wconf 86' lang='lat' dir='ltr'>magister</span> <span class='ocrx_word' id='word_1_226' title='bbox 729 1981 916 2031; x_wconf 88' lang='lat' dir='ltr'>equitum,</span> <span class='ocrx_word' id='word_1_227' title='bbox 937 1995 1058 2032; x_wconf 87' lang='lat' dir='ltr'>quum</span> <span class='ocrx_word' id='word_1_228' title='bbox 1087 1988 1235 2032; x_wconf 85' lang='lat' dir='ltr'>patrem</span> 
     </span>
     <span class='ocr_line' id='line_1_29' title="bbox 50 2046 1236 2096; baseline 0.002 -14"><span class='ocrx_word' id='word_1_229' title='bbox 50 2046 214 2082; x_wconf 85' lang='lat' dir='ltr'>Fabium</span> <span class='ocrx_word' id='word_1_230' title='bbox 226 2047 464 2095; x_wconf 78' lang='lat' dir='ltr'>appellasset,</span> <span class='ocrx_word' id='word_1_231' title='bbox 481 2047 807 2096; x_wconf 86' lang='lat' dir='ltr'>circumfusosque</span> <span class='ocrx_word' id='word_1_232' title='bbox 826 2047 998 2083; x_wconf 85' lang='lat' dir='ltr'>militum</span> <span class='ocrx_word' id='word_1_233' title='bbox 1013 2047 1095 2084; x_wconf 83' lang='lat' dir='ltr'>eius</span> <span class='ocrx_word' id='word_1_234' title='bbox 1108 2051 1150 2084; x_wconf 85' lang='lat' dir='ltr'>to</span> <span class='ocrx_word' id='word_1_235' title='bbox 1171 2061 1236 2084; x_wconf 90' lang='lat' dir='ltr'>um</span> 
     </span>
     <span class='ocr_line' id='line_1_30' title="bbox 47 2108 1270 2162; baseline 0.002 -16"><span class='ocrx_word' id='word_1_236' title='bbox 47 2123 183 2160; x_wconf 85' lang='lat' dir='ltr'>agmen</span> <span class='ocrx_word' id='word_1_237' title='bbox 215 2115 396 2160; x_wconf 87' lang='lat' dir='ltr'>patronos</span> <span class='ocrx_word' id='word_1_238' title='bbox 433 2111 720 2158; x_wconf 84' lang='lat' dir='ltr'>consalutasset‚</span> <span class='ocrx_word' id='word_1_239' title='bbox 764 2108 1033 2148; x_wconf 86' lang='lat' dir='ltr'>“Parentibus</span> <span class='ocrx_word' id='word_1_240' title='bbox 1044 2111 1063 2128; x_wconf 89' lang='lat'>’&#39;</span> <span class='ocrx_word' id='word_1_241' title='bbox 1108 2112 1238 2162; x_wconf 89' lang='lat' dir='ltr'>inquit</span> <span class='ocrx_word' id='word_1_242' title='bbox 1258 2128 1270 2150; x_wconf 80' lang='lat'><strong>3</strong></span> 
     </span>
     <span class='ocr_line' id='line_1_31' title="bbox 50 2175 1237 2225; baseline 0.003 -15"><span class='ocrx_word' id='word_1_243' title='bbox 50 2177 71 2195; x_wconf 75' lang='lat'>‘⁸</span> <span class='ocrx_word' id='word_1_244' title='bbox 85 2175 190 2220; x_wconf 80' lang='lat' dir='ltr'>meis,</span> <span class='ocrx_word' id='word_1_245' title='bbox 217 2175 392 2221; x_wconf 80' lang='lat' dir='ltr'>dictator,</span> <span class='ocrx_word' id='word_1_246' title='bbox 420 2175 561 2224; x_wconf 69' lang='lat' dir='ltr'>quibus</span> <span class='ocrx_word' id='word_1_247' title='bbox 588 2179 627 2212; x_wconf 91' lang='lat' dir='ltr'>te</span> <span class='ocrx_word' id='word_1_248' title='bbox 656 2176 769 2212; x_wconf 90' lang='lat' dir='ltr'>modo</span> <span class='ocrx_word' id='word_1_249' title='bbox 797 2175 964 2224; x_wconf 84' lang='lat' dir='ltr'>nomine,</span> <span class='ocrx_word' id='word_1_250' title='bbox 996 2176 1099 2225; x_wconf 91' lang='lat' dir='ltr'>quod</span> <span class='ocrx_word' id='word_1_251' title='bbox 1120 2176 1237 2213; x_wconf 89' lang='lat' dir='ltr'>fando</span> 
     </span>
     <span class='ocr_line' id='line_1_32' title="bbox 46 2240 1236 2289; baseline 0.002 -14"><span class='ocrx_word' id='word_1_252' title='bbox 46 2251 210 2288; x_wconf 76' lang='lat' dir='ltr'>possum,</span> <span class='ocrx_word' id='word_1_253' title='bbox 232 2240 394 2288; x_wconf 79' lang='lat' dir='ltr'>aequavi,</span> <span class='ocrx_word' id='word_1_254' title='bbox 410 2241 532 2277; x_wconf 84' lang='lat' dir='ltr'>vitam</span> <span class='ocrx_word' id='word_1_255' title='bbox 551 2244 705 2277; x_wconf 84' lang='lat' dir='ltr'>tantum</span> <span class='ocrx_word' id='word_1_256' title='bbox 726 2240 856 2287; x_wconf 86' lang='lat' dir='ltr'>debeo,</span> <span class='ocrx_word' id='word_1_257' title='bbox 878 2240 952 2276; x_wconf 87' lang='lat' dir='ltr'>tibi</span> <span class='ocrx_word' id='word_1_258' title='bbox 971 2253 1092 2289; x_wconf 87' lang='lat' dir='ltr'>quum</span> <span class='ocrx_word' id='word_1_259' title='bbox 1110 2253 1236 2278; x_wconf 86' lang='lat' dir='ltr'>meam</span> 
     </span>
     <span class='ocr_line' id='line_1_33' title="bbox 45 2303 1268 2354; baseline 0.001 -14"><span class='ocrx_word' id='word_1_260' title='bbox 45 2303 221 2349; x_wconf 81' lang='lat' dir='ltr'>salutem,</span> <span class='ocrx_word' id='word_1_261' title='bbox 252 2312 337 2340; x_wconf 89' lang='lat' dir='ltr'>tum</span> <span class='ocrx_word' id='word_1_262' title='bbox 370 2305 542 2341; x_wconf 89' lang='lat' dir='ltr'>omnium</span> <span class='ocrx_word' id='word_1_263' title='bbox 581 2305 728 2343; x_wconf 87' lang='lat' dir='ltr'>horum.</span> <span class='ocrx_word' id='word_1_264' title='bbox 792 2305 928 2354; x_wconf 85' lang='lat' dir='ltr'>[taque</span> <span class='ocrx_word' id='word_1_265' title='bbox 957 2305 1233 2354; x_wconf 84' lang='lat' dir='ltr'>plebeiscitum,</span> <span class='ocrx_word' id='word_1_266' title='bbox 1252 2323 1268 2347; x_wconf 70' lang='lat'><strong>4</strong></span> 
     </span>
    </p>
   </div>
  </div>
 </body>
</html>
