1403 2438
476 215 648 251 LIBER
685 213 827 252 XXII.
1175 213 1243 250 107

59 328 161 361 ones,
182 315 281 352 sicut
305 314 525 351 consulibus
551 326 632 349 mos
657 316 764 358 esset,
787 312 890 348 inter
917 324 957 348 se
985 343 1038 367 mul
1078 342 1153 365 mm
1194 341 1249 366 soh,

59 379 286 416 dividerent.
361 377 492 413 Prima
524 382 563 413 et
595 380 734 425 quarta
772 375 955 420 Minucio,
985 373 1252 433 ssgg”'¹g;¹¹¹¹¹l¹3v⁰s5¹‚¹¹⁸¹[g

59 442 227 480 secunda
245 447 285 479 et
304 442 420 479 tertia
440 442 560 478 Fabio
580 445 802 478 evenerunt.
854 440 955 477 Item
985 437 1107 465 “Pffl'a‘e
1118 440 1203 464 camp.
1268 465 1294 481 ¹.

59 507 208 557 equites
226 507 311 557 pari
330 519 490 544 numero
514 507 735 554 sociumque
755 510 794 542 et
814 505 944 542 Latini
970 505 1137 541 nominis
1155 518 1247 541 aux-

58 572 127 609 ilia
158 572 394 608 diviserunt:
444 571 589 608 Castris
619 582 770 619 quoque
798 583 837 606 se
866 570 1033 618 separari
1068 571 1250 619 magister

59 637 233 686 equitum
262 636 396 673 voluit.

139 701 296 750 Duplex
316 700 405 737 inde
426 699 643 737 Hannibali
669 699 852 748 gaudium
873 699 950 735 fuit
962 712 972 745 ;
1002 711 1125 748 neque
1145 699 1247 735 enim
1267 701 1315 737 28

59 766 263 815 quicquam
301 778 444 810 eorum,
478 778 561 814 quae
599 764 700 814 apud
738 764 866 800 hostes
903 768 1120 813 agerentur,
1160 776 1247 800 eum

58 829 216 866 fallebat
235 834 275 866 et
298 829 468 879 perfugis
487 829 611 865 multa
630 829 892 865 indicantibus
917 832 956 865 et
985 842 1027 866 ne
1056 842 1118 867 saus
1148 842 1205 866 into
1232 849 1248 866 a

58 907 126 943 per
157 907 245 931 suos
273 894 535 943 explorantem
560 908 566 930 :
601 906 690 930 nam
721 898 759 930 et
792 893 951 929 liberam
981 872 1249 934 iiissrebgr‘iiiiffigi‘ii
1267 916 1280 931 2

59 958 226 995 Minucii
250 959 508 995 temeritatem
534 971 573 995 se
598 971 666 994 suo
692 958 804 994 modo
832 962 1086 1006 captaturum,
1110 962 1149 994 et
1177 959 1249 994 sol-

58 1022 179 1059 lertiae
211 1023 324 1060 Fabii
361 1023 563 1060 dimidium
599 1023 741 1059 virium
775 1023 986 1060 decessisse.
1057 1023 1248 1060 Tumulus
1266 1035 1280 1058 3

58 1093 141 1124 erat
159 1088 262 1125 inter
287 1093 411 1125 castra
430 1088 597 1124 Minucii
617 1093 656 1124 et
676 1087 895 1133 Poenorum,
918 1100 1032 1136 quem
1053 1087 1119 1136 qui
1142 1100 1248 1123 occu-

58 1157 196 1202 passet,
210 1153 314 1190 haud
329 1153 444 1190 dubie
461 1152 692 1201 iniquiorem
711 1156 794 1189 erat
806 1152 908 1188 hosti
921 1152 1048 1188 locum
1063 1152 1244 1189 facturus.

60 1216 159 1253 Eum
179 1230 257 1254 non
276 1222 356 1254 tam
377 1229 511 1266 capere
531 1217 612 1253 sine
632 1218 841 1254 certamine
861 1217 1015 1254 volebat
1030 1217 1246 1264 Hannibal,
1264 1234 1279 1256 4

56 1279 276 1331 quanquam
305 1282 345 1318 id
373 1295 496 1331 operae
524 1282 692 1331 pretium
721 1286 815 1325 erat,
844 1295 958 1331 quani
989 1295 1143 1318 causam
1172 1295 1247 1318 cer-

58 1346 214 1383 taminis
243 1360 330 1384 cum
362 1347 550 1390 Minucio,
584 1360 698 1396 quem
736 1360 1009 1396 procursurum
1045 1347 1093 1383 ad
1131 1347 1247 1383 obsis-

57 1411 216 1447 tendum
243 1412 337 1448 satis
356 1412 511 1457 sciebat,
532 1412 766 1448 contrahere.
826 1413 934 1460 Ager
953 1411 1078 1448 omnis
1097 1411 1247 1448 medius
1264 1429 1278 1452 5

55 1480 140 1512 erat
167 1476 290 1525 prima
318 1476 443 1525 specie
471 1476 624 1513 inutilis
651 1476 880 1522 insidiatori,
907 1476 998 1525 quia
1026 1489 1104 1513 non
1133 1476 1246 1513 modo

55 1540 232 1577 silvestre
259 1540 478 1590 quicquam,
501 1541 566 1577 sed
593 1554 643 1577 ne
662 1541 845 1590 vepribus
874 1541 1029 1590 quidem
1060 1541 1247 1578 vestitum

57 1604 234 1650 habebat,
255 1617 296 1641 re
315 1604 398 1654 ipsa
418 1610 533 1642 natus
551 1606 726 1654 tegendis
753 1606 914 1652 insidiis,
938 1618 981 1642 eo
1001 1606 1124 1655 magis
1143 1605 1246 1654 quod
1264 1618 1278 1641 ⁶

55 1669 94 1705 in
117 1669 222 1706 nuda
240 1669 342 1706 valle
361 1669 470 1706 nulla
489 1669 578 1706 talis
598 1670 703 1706 fraus
722 1670 853 1707 timeri
872 1675 1023 1719 poterat
1038 1684 1048 1717 ,-
1077 1674 1116 1707 et
1135 1674 1247 1706 erant

55 1733 96 1769 in
115 1734 353 1770 anfractibus
381 1746 483 1771 cavae
510 1747 634 1783 rupes,
656 1739 702 1771 ut
720 1735 895 1784 quaedam
921 1747 1051 1771 earum
1080 1735 1246 1771 ducenos

53 1802 221 1835 armatos
248 1803 404 1847 possent
428 1811 571 1848 capere,
633 1799 682 1835 In
706 1799 776 1836 has
800 1800 977 1846 latebras,
998 1805 1091 1848 quot
1117 1812 1246 1848 quem·
1264 1817 1276 1840 7

54 1876 130 1912 que
153 1862 281 1900 locum
300 1868 390 1912 apte
409 1863 576 1900 insidere
601 1868 792 1913 poterant,
814 1864 986 1914 quinque
1011 1864 1135 1900 millia
1161 1877 1245 1900 con-

54 1926 202 1963 duntur
215 1927 390 1976 peditum
405 1928 669 1978 equitumque.
719 1928 874 1965 Necubi
888 1933 1018 1965 tamen
1033 1932 1102 1965 aut
1117 1933 1245 1965 motus
1263 1941 1277 1966 8

54 1990 216 2028 alicuius
235 1996 379 2028 temere
399 1992 539 2041 egressi
559 1995 628 2028 aut
647 1991 773 2041 fulgor
791 2005 987 2028 armorum
1007 1991 1182 2028 fraudem
1202 1991 1245 2027 in
1275 2000 1277 2002 '

57 2054 156 2091 valle
174 2058 255 2090 tam
274 2055 410 2103 aperta
427 2055 634 2104 detegeret,
652 2054 777 2091 missis
797 2055 928 2103 paucis
948 2054 1073 2103 prima
1092 2054 1175 2090 luce
1195 2053 1244 2090 ad

54 2118 294 2168 capiendum,
309 2131 422 2168 quem
436 2125 528 2156 ante
547 2120 728 2166 diximus,
747 2120 945 2156 tumulum
958 2119 1102 2155 avertit
1116 2118 1245 2154 oculos

53 2182 235 2220 hostium.
290 2183 420 2220 Primo
439 2184 572 2220 statim
592 2188 797 2233 conspectu
818 2188 1037 2232 contempta
1058 2182 1243 2231 paucitas,
1261 2206 1276 2231 ς

53 2259 97 2284 ac
111 2248 186 2285 sibi
199 2248 361 2297 quisque
375 2247 574 2298 deposcere
589 2248 786 2298 pellendos
801 2249 892 2284 inde
906 2248 1035 2284 hostes
1055 2260 1098 2283 ac
1117 2247 1245 2283 locum

53 2312 299 2362 capiendum,
319 2313 401 2350 dux
414 2312 496 2361 ipse
510 2313 612 2349 inter
631 2313 898 2350 stolidissimos
915 2312 1246 2360 ferocissimosque
