1455 2454
154 200 202 238 14
674 201 825 239 LIVII

119 312 134 336 ⁶
151 299 292 344 tarent,
313 296 381 333 ubi
400 296 544 332 Poenus
563 295 747 333 iussisset.
794 296 880 333 Has
899 297 1002 346 pacis
1022 298 1124 346 leges
1143 298 1338 335 abnuente

150 361 301 398 Alcone
327 367 550 410 accepturos
577 360 823 409 Saguntinos,
845 361 1024 409 Alorcus,
1044 362 1149 399 vinci
1176 362 1335 409 animos,

150 425 218 461 ubi
241 425 317 461 alia
335 424 554 471 vincantur,
576 425 781 471 affirmans,
804 437 843 462 se
862 425 966 475 pacis
986 426 1068 462 eius
1086 426 1337 476 interpretem

149 490 230 526 fore
266 489 471 539 pollicetur
484 501 496 536 3
536 493 619 525 erat
651 493 781 526 autem
814 494 899 526 tum
937 490 1047 527 miles
1085 490 1335 538 Hannibalis,

116 575 130 598 7
150 557 318 591 ceterum
338 553 490 603 publice
511 553 737 603 Saguntinis
756 554 900 591 amicus
921 558 1036 604 atque
1055 554 1200 604 hospes.
1249 555 1338 592 Tra-

150 619 231 655 dito
257 618 385 668 palam
413 618 492 655 telo
517 618 740 655 custodibus
765 618 947 666 hostium,
974 623 1234 669 transgressus
1257 632 1338 656 mu-

148 683 325 721 nimenta,
342 683 390 719 ad
409 687 611 732 praetorem
632 682 892 732 Saguntinum
914 682 968 734 (et
987 683 1067 733 ipse
1086 684 1143 721 ita
1162 683 1336 734 iubebat)

115 769 131 795 g
149 752 208 786 est
233 749 432 785 deductus.
493 747 578 792 Quo
606 760 726 797 quum
755 748 950 797 extemplo
978 761 1184 785 concursus
1213 748 1338 786 omnis

148 813 299 861 generis
324 812 525 848 hominum
551 815 652 848 esset
677 812 811 858 factus,
837 816 1030 848 summota
1055 816 1182 849 cetera
1207 812 1336 849 multi-

148 877 294 923 tudine,
333 880 491 913 senatus
520 875 664 912 Alorco
701 876 814 912 datus
842 879 910 922 est,
946 876 1056 913 cuius
1087 876 1178 913 talis
1211 877 1334 914 oratio

83 947 129 985 13
149 941 235 980 fuit.
293 940 371 977 “Si
404 940 500 977 civis
534 943 663 976 vester
690 940 802 988 Alco,
841 940 942 977 sicut
968 941 1017 977 ad
1045 954 1176 990 pacem
1204 945 1336 991 peten-

150 1007 238 1043 dam
267 1005 316 1042 ad
349 1005 614 1042 Hannibalem
644 1005 762 1052 venit,
793 1005 849 1041 ita
879 1005 983 1054 pacis
1016 1006 1257 1042 condiciones
1287 1006 1337 1043 ab

442 1069 667 1106 Hannibale
694 1070 743 1106 ad
771 1083 839 1106 vos
866 1070 1091 1117 rettulisset,
1114 1083 1336 1120 supervaca-

439 1146 556 1169 neum
599 1133 671 1169 1100
716 1133 812 1169 mihi
849 1133 985 1170 fuisset
1021 1133 1105 1180 iter,
1149 1146 1226 1183 quo
1266 1146 1336 1170 nec

116 1220 130 1237 2
148 1200 277 1234 orator
309 1197 546 1234 Hannibalis
578 1210 648 1234 nec
685 1197 887 1246 transfuga
923 1197 972 1234 ad
1009 1210 1078 1249 vos
1114 1198 1205 1234 veni
1217 1209 1229 1244 3
1270 1198 1336 1234 sed

147 1275 268 1311 quum
305 1262 371 1299 ille
404 1266 473 1299 aut
500 1266 630 1299 vestra
660 1266 729 1298 aut
762 1275 832 1299 sua
864 1263 978 1311 culpa
1010 1261 1197 1299 manserit
1233 1262 1336 1311 apud

148 1327 297 1364 hostem
327 1325 422 1378 (sua,
444 1327 477 1363 si
502 1331 648 1363 metum
673 1326 884 1373 simulavit,
906 1330 1045 1373 vestra,
1069 1326 1102 1363 si
1121 1326 1334 1376 periculum

148 1395 206 1428 est
234 1391 339 1441 apud
368 1403 436 1428 vos
469 1404 560 1428 vera
588 1389 873 1441 referentibus),
905 1404 983 1439 egO,
1014 1403 1063 1427 ne
1091 1391 1333 1439 ignoraretis,

148 1469 228 1493 esse
256 1456 403 1504 aliquas
429 1459 468 1493 et
494 1455 631 1491 salutis
657 1458 696 1491 et
719 1455 822 1504 pacis
848 1455 958 1491 vobis
982 1454 1238 1498 condiciones,
1264 1467 1335 1504 pro

147 1523 303 1557 vetusto
329 1520 507 1569 hospitio,
531 1519 633 1568 quod
652 1519 749 1555 mihi
768 1519 968 1556 vobiscum
989 1523 1056 1566 est,
1078 1519 1127 1556 ad
1145 1531 1214 1556 vos
1233 1519 1332 1557 veni.

114 1605 130 1629 3
147 1584 291 1621 Vestra
319 1587 447 1621 autem
474 1596 588 1620 causa
613 1596 674 1620 me
702 1596 773 1620 nec
799 1583 917 1619 ullius
936 1583 1096 1620 alterius
1115 1583 1234 1632 loqui,
1249 1596 1335 1632 quae

146 1648 282 1698 loquor
311 1648 415 1697 apud
444 1661 523 1694 vos,
551 1647 613 1684 vel
644 1660 688 1684 ea
720 1648 812 1684 fides
845 1647 906 1694 sit,
938 1648 1040 1696 quod
1071 1660 1208 1696 neque,
1241 1647 1335 1684 dum

113 1731 130 1755 4
147 1712 286 1750 vestris
313 1712 461 1749 viribus
499 1712 708 1758 restitistis,
730 1724 866 1761 neque,
886 1712 979 1748 dum
1008 1711 1155 1748 auxilia
1183 1713 1231 1748 ab
1258 1712 1334 1748 Ro-

148 1777 273 1815 manis
308 1777 501 1827 sperastis,
531 1777 637 1827 pacis
665 1789 838 1825 unquam
867 1777 971 1826 apud
999 1789 1069 1812 vos
1097 1776 1333 1813 mentionem

147 1842 228 1879 feci.
296 1842 506 1891 Postquam
539 1855 609 1878 nec
637 1841 685 1878 ab
714 1841 902 1878 Romanis
930 1841 1040 1878 vobis
1063 1841 1143 1878 ulla
1168 1844 1227 1878 est
1250 1854 1335 1891 spes

145 1919 217 1943 nec
244 1910 375 1943 vestra
403 1919 472 1943 vos
504 1907 582 1943 iam
616 1909 685 1942 aut
725 1919 832 1942 arma
869 1909 938 1942 aut
970 1905 1112 1942 moenia
1144 1906 1238 1943 satis
1274 1906 1336 1943 de-

146 1970 322 2018 fendunt,
344 1983 475 2019 pacem
501 1971 618 2007 affero
643 1970 693 2007 ad
719 1983 787 2006 vos
806 1970 927 2019 magis
946 1970 1198 2006 necessariam
1218 1982 1334 2019 quam

115 2058 129 2083 5
146 2047 305 2084 aequam.
365 2035 485 2073 Cuius
511 2035 567 2072 ita
595 2035 727 2085 aliqua
754 2047 840 2084 spes
866 2038 933 2082 est,
962 2036 995 2072 si
1025 2047 1120 2082 eam,
1155 2035 1335 2084 quemad-

148 2099 304 2135 modum
332 2103 379 2136 ut
407 2099 532 2136 victor
556 2100 633 2136 fert
661 2099 875 2146 Hannibal,
905 2099 958 2136 sic
986 2112 1051 2136 vos
1076 2103 1121 2137 ut
1149 2099 1244 2136 victi
1270 2112 1334 2135 au-

146 2162 271 2209 dietis,
285 2166 324 2199 et
343 2176 421 2200 non
440 2163 489 2211 id,
505 2164 608 2212 quod
623 2163 830 2211 amittitur,
844 2163 885 2200 in
904 2164 1056 2212 damno,
1070 2176 1190 2213 quum
1205 2163 1334 2200 omnia

145 2226 302 2263 victoris
330 2227 420 2274 sint,
451 2229 528 2275 sed,
567 2228 751 2278 quicquid
783 2229 1027 2278 relinquitur,
1066 2241 1136 2277 pro
1174 2240 1334 2265 munere

111 2301 128 2326 6
147 2291 317 2327 habituri
346 2292 447 2330 estis.
507 2292 658 2330 Urbem
685 2293 806 2342 vobis,
836 2306 953 2343 quam
980 2307 1029 2330 ex
1056 2305 1196 2341 magna
1222 2295 1333 2342 parto

149 1096 197 1119 out
207 1095 323 1119 Aloreus
335 1101 413 1124 urges

148 1126 318 1151 submission.
