1403 2438
507 135 536 171 L
544 135 676 172 [BER
712 134 829 172 XXI.
1208 132 1253 169 31

73 232 255 270 Proelium
277 233 444 270 atrocius
473 247 587 283 quam
616 247 684 283 pro
712 245 871 270 numero
901 231 1157 282 pugnantium
1182 230 1257 268 edi-

72 301 139 335 tur
146 311 157 345 ς
185 310 273 334 nam
295 303 434 347 praeter
452 299 575 335 multa
594 299 756 336 vulnera
774 299 892 336 cccdes
916 297 1032 335 etiam
1052 309 1169 346 prope
1188 309 1258 345 par
1274 309 1288 332 3

71 361 256 411 utrinque
274 362 360 408 fuit,
382 362 547 411 fugaque
567 366 606 399 et
630 375 751 412 pavor
779 362 1040 399 Numidarum
1070 360 1258 397 Romanis

72 420 148 459 iam
181 422 387 459 admodum
425 422 532 459 fessis
569 422 768 459 victoriam
808 423 924 459 dedit.
983 422 1164 458 Victores
1208 421 1257 457 ad

73 488 227 521 centum
246 484 456 534 sexaginta,
491 497 560 521 nec
593 497 723 521 omnes
754 484 933 531 Romani,
961 485 1024 521 sed
1054 497 1142 533 pars
1171 484 1258 521 Gal-

73 546 209 593 lorum,
239 546 334 583 victi
363 547 528 596 amplius
558 547 713 584 ducenti
746 547 976 584 ceciderunt.
1036 546 1124 583 Hoc
1157 546 1257 596 prin·
1276 563 1290 586 ⁴

73 608 217 658 cipium
236 608 351 645 simul
371 621 558 658 omenque
578 609 669 646 belli
696 613 742 646 ut
766 622 924 646 summae
953 622 1080 646 rerum
1108 621 1259 658 prospe-

74 685 162 710 rum
187 677 380 719 eventum,
402 673 458 710 ita.
485 674 589 710 haud
617 686 709 711 sane
733 674 977 711 incruentam
1002 673 1259 723 ancipitisque

73 737 294 774 certaminis
313 737 513 774 victoriam
533 739 719 775 Romanis
739 738 947 788 portendit.

156 800 217 838 Ut
235 814 276 837 re
296 801 350 837 ita
371 805 477 850 gesta
497 802 544 838 ad
565 806 774 851 utrumque
798 803 932 840 ducem
958 801 1018 839 sui
1047 801 1255 848 redierunt,
1278 817 1292 841 5

74 877 143 901 nec
162 863 331 914 Scipioni
350 869 452 902 stare
474 866 668 903 sententia
695 871 859 916 poterat,
889 868 964 904 nisi
993 872 1038 905 ut
1066 881 1114 904 ex
1141 868 1260 905 consi-

75 929 136 967 liis
154 929 362 980 coeptisque
381 929 503 968 hostis
522 936 561 968 et
580 931 661 981 ipse
680 936 839 968 conatus
858 936 1020 981 caperet,
1044 936 1083 969 et
1108 931 1259 969 Hanni·
1277 943 1293 968 6

74 994 198 1030 balem
217 993 419 1039 incertum,
441 997 573 1030 utrum
593 998 759 1043 coeptum
787 995 828 1031 in
857 995 1016 1031 Italiam
1039 995 1259 1032 intenderet

74 1057 149 1094 iter
177 1069 228 1094 an
257 1069 343 1093 cum
377 1069 432 1102 eo,
468 1057 535 1106 qui
565 1057 712 1106 primus
746 1070 785 1095 se
818 1058 1022 1096 obtulisset
1055 1059 1256 1095 Romanus

73 1120 273 1167 exercitus,
294 1132 431 1156 manus
457 1125 681 1168 consereret,
713 1122 855 1159 avertit
884 1135 907 1159 a
933 1123 1112 1172 praesenti
1140 1128 1258 1160 certa-

72 1185 176 1228 mine
201 1184 384 1222 Boiorum
412 1184 628 1233 legatorum
655 1185 854 1234 regulique
883 1185 1028 1235 Magali
1056 1186 1257 1230 adventus,

72 1249 140 1300 qui
158 1262 199 1287 se
217 1250 331 1287 duces
355 1249 550 1295 itinerum,
578 1249 698 1286 socios
721 1250 881 1299 periculi
905 1250 985 1287 fore
1011 1250 1256 1297 affirmantes,

75 1312 226 1362 integro
262 1312 373 1359 bello,
412 1325 602 1361 nusquam
637 1316 727 1348 ante
763 1312 895 1349 libatis
922 1313 1072 1351 viribus
1100 1314 1257 1352 Italiam

72 1377 366 1426 aggrediendam
412 1380 577 1413 censent.
636 1376 854 1414 Multitudo
901 1377 1063 1415 timebat
1104 1379 1257 1428 quidem
1277 1396 1292 1420 7

72 1440 232 1486 hostem,
258 1439 431 1476 nondum
458 1439 682 1476 oblitterata
709 1439 892 1476 memoria
919 1439 1126 1488 superioris
1155 1441 1258 1490 belli,

73 1503 140 1541 sed
157 1503 280 1553 magis
298 1503 373 1540 iter
397 1503 627 1539 immensum
652 1503 861 1552 Alpesque,
889 1516 968 1540 rem
994 1504 1097 1540 fama
1124 1505 1259 1555 utique

73 1567 285 1617 inexpertis
303 1567 544 1614 horrendam,
559 1567 766 1605 metuebat.
827 1568 967 1617 Itaque
995 1581 1259 1620 Hannibalresolyes
1277 1559 1327 1596 3⁰

73 1632 285 1680 Hannibal,
306 1636 510 1682 postquam
535 1632 609 1682 ipsi
637 1632 831 1670 sententia
858 1633 968 1670 stetit
995 1614 1259 1698 ξὶἒῖἕῗὲἱέἓῃήξῖἷιέἕ

72 1709 228 1748 pergere
238 1696 303 1737 ‚ire
321 1701 438 1747 atque
452 1697 609 1734 Italiam
624 1701 765 1746 petere,
782 1697 968 1734 advocata
996 1682 1209 1736 arffigcourages
1219 1676 1261 1702 ¹¹¹⁵

72 1762 260 1809 contione,
281 1762 388 1800 varie
413 1762 583 1799 militum
611 1766 742 1800 versat
768 1762 916 1800 animos
947 1762 1169 1811 castigando
1196 1762 1258 1799 ad-

72 1826 357 1876 hortandoque:
391 1826 531 1863 Mirari
564 1839 613 1873 se,
645 1826 804 1876 quinam
832 1830 986 1875 pectora
1014 1838 1163 1875 semper
1190 1826 1256 1863 im-
1282 1843 1295 1858 2

72 1890 214 1940 pavida
231 1902 368 1940 repens
387 1894 512 1927 terror
529 1890 727 1928 invaserit.
785 1890 862 1927 Per
881 1894 940 1927 tot
959 1903 1080 1927 annos
1105 1891 1258 1928 vinccn-
1284 1927 1289 1934 ,

72 1958 131 1991 tes
149 1966 212 1992 eos
230 1954 424 2004 stipendia
441 1954 564 1992 facere
583 1968 707 2005 neque
728 1959 819 1992 ante
834 1955 1029 2004 Hispania
1040 1954 1253 2003 excessisse,

71 2030 187 2067 quam
219 2031 349 2055 omnes
377 2023 586 2068 gentesque
623 2023 664 2056 et
699 2022 821 2066 terrae,
861 2031 955 2068 quas
993 2018 1068 2055 duo
1105 2018 1257 2055 diversa

71 2082 193 2119 maria
210 2083 503 2132 amplectantur,
525 2082 902 2132 Carthaginiensium
932 2086 1066 2120 essent.
1126 2082 1255 2133 Indig-
1279 2099 1294 2123 3

71 2151 183 2184 natos
201 2147 349 2193 deinde,
371 2147 484 2196 quod,
510 2147 741 2197 quicumque
765 2147 982 2197 Saguntum
1007 2148 1253 2196 obsedissent,

73 2209 181 2248 velut
199 2210 247 2248 ob
266 2222 407 2247 noxam
427 2210 500 2248 sibi
519 2210 607 2248 dedi
626 2211 840 2261 postularet
859 2211 1024 2261 populus
1043 2212 1253 2260 Romanus,
