1403 2438
495 173 666 210 LIBER
705 172 844 210 XXII.
1196 173 1269 211 145

78 273 256 312 centibus
281 272 409 324 priore
429 271 579 310 Punico
602 272 703 309 bello
733 271 966 321 Calpurnius
995 271 1170 308 Flamma
1198 277 1272 309 tre-

77 338 200 377 centis
226 337 469 385 voluntariis,
500 350 620 387 quum
649 337 698 373 ad
726 337 922 373 tumulum
951 349 1014 373 cos
1040 336 1269 385 capiendum

76 402 197 440 situm
222 402 326 439 inter
352 401 498 438 medios
527 401 683 437 duceret
711 400 852 447 hostes,
885 400 987 436 dixit
1017 400 1269 445 ‘Moriamur,

76 466 231 514 milites,
247 470 286 504 et
304 469 428 503 morte
446 469 581 502 nostra
599 464 808 514 eripiamus
828 477 877 501 ex
896 465 1093 501 obsidione
1113 464 1271 501 eircum-

79 534 213 569 ventas
253 529 445 580 legiones‚'
478 529 512 566 si
539 529 611 566 1100
648 527 692 566 P.
731 527 981 578 Sempronius
1014 529 1168 576 diecret,
1199 543 1269 567 nec

75 597 181 633 viros
216 595 395 645 equidem
424 606 494 631 nec
532 593 731 630 Romanos
759 606 828 630 vos
861 593 1050 641 ducerem,
1085 594 1118 630 si
1154 607 1269 631 nemo

76 664 196 698 tantae
211 659 371 697 virtutis
391 659 607 696 exstitisset
625 670 760 695 comes.
803 657 923 694 Viam
942 670 1020 694 non
1039 658 1087 694 ad
1106 658 1267 707 gloriam

74 726 197 777 magis
215 739 332 777 quam
350 725 400 762 ad
418 725 584 762 salutem
609 725 797 761 ferentem
817 723 1056 760 demonstrat
1070 736 1081 771 3
1111 723 1269 760 reduces

74 791 118 829 in
145 791 311 842 patriam
339 790 386 827 ad
415 793 604 840 parentes,
635 789 683 825 ad
712 788 894 837 coniuges
919 800 962 824 ac
992 787 1133 824 liberos
1161 788 1265 825 facit.

75 856 138 895 Ut
156 856 374 903 servemini,
397 854 504 892 deest
522 854 632 891 vobis
651 853 822 890 animus:
847 852 951 902 quid,
973 852 1005 889 si
1024 852 1268 889 moriendum

75 934 144 972 pro
163 920 289 972 patria
308 923 418 967 esset,
439 919 638 956 faceretis'l
668 917 961 967 Quinquaginta
980 917 1103 953 millia
1123 917 1268 954 civium

74 987 341 1036 sociorumque
366 984 466 1022 cirea
484 996 554 1021 vos
572 996 616 1021 eo
641 983 725 1033 ipso
748 983 811 1019 die
831 995 926 1019 caesa
950 982 1088 1020 iacent.
1147 982 1190 1020 Si
1208 986 1268 1019 tot

74 1050 252 1100 exempla
270 1049 430 1087 virtutis
454 1062 533 1085 non
557 1051 727 1094 movent,
749 1047 849 1084 nihil
874 1060 1047 1096 unquam
1069 1048 1267 1094 movebit3

74 1114 109 1152 si
137 1117 250 1151 tanta
281 1112 407 1150 clades
438 1111 558 1149 vilem
589 1111 715 1148 vitam
746 1123 826 1147 11011
862 1111 966 1158 fecit,
1000 1111 1110 1148 nulla
1139 1112 1264 1148 faciet.

17 1206 22 1209 .
75 1176 207 1214 Liberi
225 1180 342 1226 atque
360 1175 572 1212 incolumes
591 1175 804 1212 desiderate
825 1174 990 1224 patriam
999 1188 1010 1222 3
1034 1175 1153 1212 immo
1172 1175 1266 1212 desi-

74 1241 217 1288 derate,
238 1239 330 1276 chun
350 1238 478 1289 patria
496 1242 565 1285 est,
586 1237 679 1274 dum
694 1237 796 1274 cives
816 1238 898 1274 eius
917 1238 1010 1275 estis
1026 1239 1034 1275 1
1060 1251 1143 1275 sero
1162 1251 1266 1275 nune

75 1302 310 1352 desideratis,
345 1303 538 1341 deminuti
570 1303 705 1353 capite,
740 1303 958 1340 abalienato
987 1302 1072 1340 iure
1109 1302 1264 1350 civium,

74 1370 176 1408 servi
196 1368 577 1418 Carthaginiensium
596 1367 699 1407 facti.
761 1367 894 1405 Pretio
912 1367 1078 1404 redituri
1097 1367 1189 1405 estis
1209 1380 1265 1414 eo,

74 1434 178 1472 unde
196 1433 355 1483 ignavia
373 1445 417 1470 ac
435 1432 611 1482 nequitia
626 1432 785 1470 abistisi
801 1431 1125 1483 P.Sempronium
1141 1432 1267 1469 civem

73 1503 248 1536 vestrum
261 1510 339 1535 non
355 1497 520 1534 audistis
535 1509 642 1533 arma
655 1509 789 1546 capere
803 1510 847 1534 ae
862 1497 970 1545 sequi
989 1509 1029 1534 se
1048 1497 1246 1534 iubentem
1253 1510 1265 1544 3

73 1562 337 1600 Hannibalem
366 1565 456 1612 post
482 1561 598 1610 paulo
626 1561 788 1598 audistis
811 1565 937 1598 castra
958 1561 1069 1611 prodi
1095 1565 1134 1598 et
1159 1574 1266 1598 arma

73 1627 176 1664 tradi
194 1626 404 1666 iubentem.
464 1625 697 1674 Quanquam
716 1638 786 1675 ego
804 1626 1000 1674 ignaviam
1025 1626 1189 1663 istorum
1209 1640 1266 1665 ac-

72 1704 174 1739 cuso,
196 1703 314 1741 quum
345 1689 468 1727 scelus
493 1690 636 1740 possim
658 1702 844 1727 accusare.
904 1689 997 1727 Non
1022 1691 1135 1728 modo
1160 1692 1265 1728 enim

71 1755 180 1806 sequi
207 1759 436 1793 recusarunt
460 1755 558 1791 bene
582 1759 818 1802 monentem,
838 1755 904 1792 sed
927 1754 1111 1792 obsistere
1139 1768 1182 1792 ae
1210 1768 1266 1792 re-

71 1819 197 1856 tinere
228 1819 358 1856 conati
389 1821 492 1866 sunt,
526 1818 570 1855 ni
601 1818 748 1855 strictis
779 1819 918 1868 gladiis
955 1818 1031 1855 viri
1063 1819 1265 1858 fortissimi

71 1883 216 1921 inertes
243 1883 553 1920 summovissent.
611 1883 738 1930 Prius,
769 1883 940 1934 inquam,
971 1884 1015 1922 P.
1039 1885 1264 1934 Sempronio

70 1960 140 1998 per
157 1947 304 1986 civium
321 1959 460 1997 agmen
474 1960 590 1997 quam
605 1960 674 1997 per
693 1947 864 1985 hostium
878 1948 955 1985 fuit
969 1948 1260 1998 erumpendum.

71 2010 159 2048 Hos
191 2011 293 2048 cives
325 2011 452 2060 patria
483 2011 684 2059 desideret,
717 2024 882 2061 quorum
910 2012 943 2049 si
970 2014 1088 2050 ceteri
1119 2012 1263 2050 similes

70 2074 245 2122 fuissent,
280 2075 474 2112 neminem
503 2075 618 2113 hodie
648 2089 698 2113 ex
725 2077 785 2125 iis,
816 2077 884 2126 qui
912 2077 961 2114 ad
991 2077 1144 2114 Cannas
1171 2090 1264 2127 pug-

70 2143 276 2186 naverunt,
297 2139 423 2176 civem
447 2140 634 2179 haberet?
688 2141 753 2178 Ex
778 2142 953 2179 millibus
976 2146 1123 2191 septem
1142 2155 1263 2179 arma-

71 2208 201 2242 torum
219 2204 393 2241 sexcenti
412 2205 658 2253 exstiterunt,
676 2207 744 2256 qui
763 2219 963 2256 erumpere
982 2207 1180 2254 auderent,
1195 2207 1265 2257 qui

68 2269 112 2309 in
129 2271 298 2321 patriam
316 2270 430 2308 liberi
448 2274 567 2320 atque
588 2272 730 2309 armati
754 2272 937 2320 redirent,
959 2285 1084 2322 neque
1101 2272 1163 2309 his
1181 2284 1265 2310 sex-

183 2355 220 2388 c.
241 2356 278 2389 L.
1094 2348 1148 2389 10

1288 552 1318 569 12

1289 675 1317 698 1³

1286 873 1317 897 14

1286 1192 1315 1217 Ι5

1286 1380 1316 1405 16

1284 1647 1315 1670 Ῑ7

1282 2025 1313 2052 18

1282 2158 1314 2183 ¹9
