1455 2454
135 176 183 213 62
654 176 713 212 LI
722 175 803 213 VII

132 272 249 310 imbri
279 274 373 310 satis
401 273 603 310 decernere
630 280 796 322 possent,
820 286 897 322 qua
925 273 1005 310 suis
1031 286 1141 324 opem
1160 275 1317 322 ferrent,

99 356 114 379 4
134 339 373 376 Placentiam
399 342 503 374 recto
528 338 666 375 itinere
691 351 904 387 perrexere.
963 338 1101 376 Plures
1119 339 1257 377 deinde
1277 340 1319 376 in

133 415 265 440 omnes
290 405 419 450 partes
447 401 668 450 eruptiones
692 403 825 450 factae,
854 406 893 438 et
912 401 981 451 qui
1000 402 1144 439 flumen
1162 403 1318 452 petiere,

132 471 202 503 aut
229 466 450 515 gurgitibus
477 466 674 514 absumpti
700 470 793 502 sunt
821 470 891 502 aut
912 466 1016 503 inter
1034 466 1321 503 cunctationem

100 549 114 572 5
132 528 372 578 ingrediendi
391 528 439 564 ab
457 527 633 565 hostibus
653 529 823 578 oppressi
837 541 847 575 ,·
873 528 941 577 qui
961 529 1104 577 passim
1123 542 1192 578 per
1211 541 1322 578 agros

132 594 223 642 fuga
249 592 370 642 sparsi
396 596 517 640 erant,
545 592 710 642 vestigia
737 593 906 629 cedentis
932 597 1134 642 sequentes
1154 593 1321 641 agminis

135 657 376 694 Placentiam
402 657 632 693 contendere
644 669 655 703 3
684 657 770 693 aliis
793 658 911 694 timor
929 657 1101 694 hostium
1120 658 1318 695 audaciam

134 721 376 771 ingrediendi
403 722 549 758 flumen
576 722 678 768 fecit,
706 723 1012 771 transgressique
1034 723 1077 758 in
1096 727 1222 759 castra
1239 735 1321 772 per-

101 789 334 822 6venerunt.
410 784 543 821 Imber
590 786 680 821 nive
717 786 865 822 mixtus
902 790 941 822 et
980 786 1226 823 intoleranda
1262 787 1322 823 vis

132 849 285 898 frigoris
318 852 357 886 et
384 848 560 885 homines
587 849 731 885 multos
759 854 799 886 et
826 851 1002 886 iumenta
1029 854 1068 886 et
1096 850 1323 899 elephantos

101 926 116 950 7
136 926 253 963 prope
300 926 432 949 omnes
478 914 704 962 absumpsit.
780 914 891 951 Finis
936 914 1165 963 insequendi
1200 914 1323 952 hostis

133 977 265 1014 Poenis
301 977 446 1013 fiumen
483 977 622 1014 Trebia
654 977 740 1024 suit,
776 983 815 1015 et
844 978 901 1014 ita
930 982 1129 1028 torpentes
1160 979 1250 1028 gelu
1281 980 1324 1016 in

134 1046 259 1078 castra
295 1041 453 1088 rediere,
493 1045 539 1077 ut
575 1042 645 1078 vix
691 1042 869 1078 laetitiam
906 1043 1077 1079 victoriae
1119 1043 1320 1080 sentirent.

100 1114 115 1138 8
135 1106 274 1155 Itaque
305 1111 418 1142 nocte
445 1107 676 1155 insequenti,
708 1119 828 1155 quum
856 1107 1078 1156 praesidium
1108 1111 1324 1144 castrorum

134 1174 174 1207 et
199 1171 301 1220 quod
325 1171 524 1219 reliquum
550 1171 770 1207 sauciorum
796 1185 844 1208 ex
863 1184 1004 1220 magna
1022 1175 1132 1220 parte
1151 1172 1323 1208 militum

134 1239 228 1282 erat,
263 1235 412 1272 ratibus
452 1234 631 1271 Trebiam
664 1235 899 1282 traiicerent‚
933 1240 1002 1272 aut
1034 1236 1133 1272 nihil
1171 1249 1321 1273 sensere

101 1317 117 1342 9
135 1300 379 1349 obstrepente
413 1299 549 1348 pluvia
581 1303 659 1347 aut,
700 1300 792 1348 quia
820 1300 899 1336 iam
929 1301 1077 1337 moveri
1107 1301 1323 1350 nequibant

134 1376 211 1412 prae
248 1363 477 1400 lassitudine
509 1377 552 1400 ac
585 1363 823 1411 vulneribus,
857 1364 1002 1400 sentire
1030 1377 1110 1401 sese
1149 1364 1325 1401 dissimu-

135 1436 213 1491 {51¹3oe
246 1436 399 1496 tegirgixwog}
427 1427 569 1473 larunt,
601 1427 819 1476 quietisque
852 1427 984 1464 Poenis
1016 1427 1137 1464 tacito
1172 1428 1326 1476 agmine

135 1499 164 1521 to
187 1497 332 1528 Placentia,
429 1493 477 1528 ab
521 1492 698 1541 Scipione
740 1492 895 1528 consule
937 1492 1130 1528 exercitus
1168 1492 1326 1528 Placen-

135 1554 232 1591 tiam
284 1559 342 1592 est
388 1556 607 1604 perductus,
652 1555 743 1592 inde
792 1555 899 1592 Pado
940 1556 1126 1592 traiectus
1169 1555 1323 1592 Cremo-

136 1631 237 1666 nam,
276 1633 325 1656 ne
362 1620 526 1656 duorum
564 1620 806 1657 exercituum
847 1619 1020 1656 hibernis
1056 1633 1136 1656 una
1177 1619 1325 1673 colonia

137 1687 385 1732 premeretur.

69 1756 117 1794 57
217 1748 383 1785 Romam
412 1752 546 1785 tantus
579 1752 704 1785 terror
733 1761 782 1785 ex
814 1747 886 1784 hac
915 1748 1022 1784 clade
1054 1748 1225 1798 perlatus
1255 1752 1322 1794 est,

137 1816 183 1849 ut
212 1812 290 1848 iam
323 1813 372 1849 ad
401 1813 538 1850 urbem
577 1813 795 1850 Romanam
833 1812 1033 1849 crederent
1065 1813 1217 1849 infestis
1253 1813 1326 1861 sig-

135 1877 197 1913 nis
224 1877 374 1913 hostem
399 1881 622 1923 venturum,
648 1890 718 1913 nec
747 1877 952 1926 quicquam
977 1876 1058 1925 spei
1085 1881 1154 1913 aut
1181 1876 1326 1913 auxilii

137 1957 310 1988 Sempronius
372 1958 402 1982 to
431 1955 521 1988 esse,
552 1955 628 1991 quo
657 1955 679 1978 a
710 1942 833 1991 portis
862 1941 1129 1990 moenibusque
1159 1941 1240 1977 vim
1268 1953 1326 1977 ar-

104 2041 120 2058 2
137 1987 341 2043 {i33i21t1‘s'.¹¹⁰ld
356 1989 402 2013 Μ’
432 2011 585 2044 cerent:
623 2019 701 2043 uno
730 2006 885 2043 consule
913 2006 962 2041 ad
1001 2005 1178 2042 Ticinum
1207 2005 1322 2052 victo,

137 2072 301 2109 alterum
322 2085 371 2108 ex
392 2072 523 2109 Sicilia
542 2074 763 2108 revocatum
774 2084 785 2118 3
814 2070 962 2106 duobus
978 2069 1210 2116 consulibus,
1235 2069 1326 2106 duo-

137 2135 210 2172 bus
237 2136 503 2173 consularibus
530 2135 765 2173 exercitibus
791 2135 916 2180 victiS,
943 2146 1038 2183 quos
1064 2134 1158 2170 alios
1195 2134 1322 2189 duces,

106 2218 121 2242 ³
139 2213 233 2249 quas
252 2200 347 2236 alias
365 2200 534 2250 legiones
554 2213 647 2247 esse,
669 2212 754 2248 quae
773 2199 1044 2235 arcessantur‘l
1097 2197 1164 2234 Ita
1177 2197 1326 2234 territis

138 2264 387 2314 Sempronius
420 2264 553 2301 consul
585 2263 755 2310 advenit,
791 2262 943 2311 ingenti
971 2262 1143 2312 periculo
1175 2274 1244 2311 per
1275 2261 1326 2298 ef·
