<?xml version="1.0" encoding="UTF-8"?>
<!DOCTYPE html PUBLIC "-//W3C//DTD XHTML 1.0 Transitional//EN"
    "http://www.w3.org/TR/xhtml1/DTD/xhtml1-transitional.dtd">
<html xmlns="http://www.w3.org/1999/xhtml" xml:lang="en" lang="en">
 <head>
  <title>
</title>
<meta http-equiv="Content-Type" content="text/html;charset=utf-8" />
  <meta name='ocr-system' content='tesseract 3.04.00' />
  <meta name='ocr-capabilities' content='ocr_page ocr_carea ocr_par ocr_line ocrx_word'/>
</head>
<body>
  <div class='ocr_page' id='page_1' title='image "./booksxxixxiihann00livyuoft_0158.png"; bbox 0 0 1434 2402; ppageno 0'>
   <div class='ocr_carea' id='block_1_1' title="bbox 157 142 825 183">
    <p class='ocr_par' dir='ltr' id='par_1_1' title="bbox 157 142 825 183">
     <span class='ocr_line' id='line_1_1' title="bbox 157 142 825 183; baseline -0.007 0"><span class='ocrx_word' id='word_1_1' title='bbox 157 148 206 183; x_wconf 84' lang='lat'>92</span> <span class='ocrx_word' id='word_1_2' title='bbox 675 142 825 179; x_wconf 81' lang='lat' dir='ltr'><em>LIVII</em></span> 
     </span>
    </p>
   </div>
   <div class='ocr_carea' id='block_1_2' title="bbox 85 243 1346 1903">
    <p class='ocr_par' dir='ltr' id='par_1_2' title="bbox 107 243 1343 1129">
     <span class='ocr_line' id='line_1_2' title="bbox 157 243 1341 292; baseline -0.003 -12"><span class='ocrx_word' id='word_1_3' title='bbox 157 249 267 292; x_wconf 74' lang='lat' dir='ltr'>cepta</span> <span class='ocrx_word' id='word_1_4' title='bbox 293 243 501 286; x_wconf 86' lang='lat' dir='ltr'>dictatoris,</span> <span class='ocrx_word' id='word_1_5' title='bbox 523 243 599 290; x_wconf 86' lang='lat' dir='ltr'>qui,</span> <span class='ocrx_word' id='word_1_6' title='bbox 622 245 811 290; x_wconf 83' lang='lat' dir='ltr'>quantum</span> <span class='ocrx_word' id='word_1_7' title='bbox 832 243 918 276; x_wconf 88' lang='lat' dir='ltr'>tuto</span> <span class='ocrx_word' id='word_1_8' title='bbox 938 243 1079 288; x_wconf 87' lang='lat' dir='ltr'>posset,</span> <span class='ocrx_word' id='word_1_9' title='bbox 1099 252 1341 288; x_wconf 87' lang='lat' dir='ltr'>progressum</span> 
     </span>
     <span class='ocr_line' id='line_1_3' title="bbox 157 304 1343 356; baseline -0.002 -12"><span class='ocrx_word' id='word_1_10' title='bbox 157 309 263 356; x_wconf 84' lang='lat' dir='ltr'>prius</span> <span class='ocrx_word' id='word_1_11' title='bbox 292 307 457 355; x_wconf 85' lang='lat' dir='ltr'>recipere</span> <span class='ocrx_word' id='word_1_12' title='bbox 480 319 559 342; x_wconf 86' lang='lat' dir='ltr'>sese</span> <span class='ocrx_word' id='word_1_13' title='bbox 582 306 757 351; x_wconf 85' lang='lat' dir='ltr'>iusserat,</span> <span class='ocrx_word' id='word_1_14' title='bbox 787 318 903 353; x_wconf 89' lang='lat' dir='ltr'>quam</span> <span class='ocrx_word' id='word_1_15' title='bbox 929 305 971 340; x_wconf 90' lang='lat' dir='ltr'>in</span> <span class='ocrx_word' id='word_1_16' title='bbox 995 308 1242 353; x_wconf 84' lang='lat' dir='ltr'>conspectum</span> <span class='ocrx_word' id='word_1_17' title='bbox 1258 304 1343 342; x_wconf 73' lang='lat' dir='ltr'>hos-</span> 
     </span>
     <span class='ocr_line' id='line_1_4' title="bbox 123 369 1343 418; baseline 0.001 -12"><span class='ocrx_word' id='word_1_18' title='bbox 123 384 136 406; x_wconf 78' lang='grc'><strong><em>7</em></strong></span> <span class='ocrx_word' id='word_1_19' title='bbox 157 372 253 408; x_wconf 83' lang='lat' dir='ltr'>tium</span> <span class='ocrx_word' id='word_1_20' title='bbox 297 371 457 407; x_wconf 84' lang='lat' dir='ltr'>veniret.</span> <span class='ocrx_word' id='word_1_21' title='bbox 528 370 710 407; x_wconf 76' lang='lat' dir='ltr'>Numidae</span> <span class='ocrx_word' id='word_1_22' title='bbox 745 369 810 405; x_wconf 84' lang='lat' dir='ltr'>alii</span> <span class='ocrx_word' id='word_1_23' title='bbox 848 373 964 418; x_wconf 85' lang='lat' dir='ltr'>atque</span> <span class='ocrx_word' id='word_1_24' title='bbox 1001 369 1067 405; x_wconf 84' lang='lat' dir='ltr'>alii</span> <span class='ocrx_word' id='word_1_25' title='bbox 1100 372 1343 407; x_wconf 74' lang='lat' dir='ltr'>eccm-santes</span> 
     </span>
     <span class='ocr_line' id='line_1_5' title="bbox 157 433 1343 484; baseline -0.001 -13"><span class='ocrx_word' id='word_1_26' title='bbox 157 435 464 484; x_wconf 72' lang='lat' dir='ltr'><strong>refugientesque</strong></span> <span class='ocrx_word' id='word_1_27' title='bbox 496 435 544 471; x_wconf 86' lang='lat' dir='ltr'>ad</span> <span class='ocrx_word' id='word_1_28' title='bbox 576 439 701 471; x_wconf 80' lang='lat' dir='ltr'>castra</span> <span class='ocrx_word' id='word_1_29' title='bbox 734 446 851 482; x_wconf 83' lang='lat' dir='ltr'>prope</span> <span class='ocrx_word' id='word_1_30' title='bbox 883 435 966 482; x_wconf 87' lang='lat' dir='ltr'>ipsa</span> <span class='ocrx_word' id='word_1_31' title='bbox 995 446 1083 470; x_wconf 88' lang='lat' dir='ltr'>cum</span> <span class='ocrx_word' id='word_1_32' title='bbox 1115 433 1343 482; x_wconf 69' lang='lat' dir='ltr'>fatigatione</span> 
     </span>
     <span class='ocr_line' id='line_1_6' title="bbox 123 498 1343 548; baseline 0 -13"><span class='ocrx_word' id='word_1_33' title='bbox 123 507 137 530; x_wconf 82' lang='grc'><strong>8</strong></span> <span class='ocrx_word' id='word_1_34' title='bbox 155 512 338 548; x_wconf 81' lang='lat' dir='ltr'>equorum</span> <span class='ocrx_word' id='word_1_35' title='bbox 368 503 484 548; x_wconf 88' lang='lat' dir='ltr'>atque</span> <span class='ocrx_word' id='word_1_36' title='bbox 513 499 713 535; x_wconf 83' lang='lat' dir='ltr'>hominurn</span> <span class='ocrx_word' id='word_1_37' title='bbox 744 503 976 547; x_wconf 76' lang='lat' dir='ltr'>pertraxere.</span> <span class='ocrx_word' id='word_1_38' title='bbox 1034 498 1135 535; x_wconf 86' lang='lat' dir='ltr'>Inde</span> <span class='ocrx_word' id='word_1_39' title='bbox 1159 498 1343 535; x_wconf 74' lang='lat' dir='ltr'><strong>Carthalo</strong></span> 
     </span>
     <span class='ocr_line' id='line_1_7' title="bbox 156 562 1343 613; baseline 0.001 -14"><span class='ocrx_word' id='word_1_40' title='bbox 156 577 270 613; x_wconf 83' lang='lat' dir='ltr'>penes</span> <span class='ocrx_word' id='word_1_41' title='bbox 298 576 412 612; x_wconf 91' lang='lat' dir='ltr'>quem</span> <span class='ocrx_word' id='word_1_42' title='bbox 441 577 592 600; x_wconf 89' lang='lat' dir='ltr'>summa</span> <span class='ocrx_word' id='word_1_43' title='bbox 619 562 807 612; x_wconf 86' lang='lat' dir='ltr'>equestris</span> <span class='ocrx_word' id='word_1_44' title='bbox 835 562 988 611; x_wconf 89' lang='lat' dir='ltr'>imperii</span> <span class='ocrx_word' id='word_1_45' title='bbox 1017 566 1111 608; x_wconf 81' lang='lat' dir='ltr'>erat,</span> <span class='ocrx_word' id='word_1_46' title='bbox 1141 562 1343 600; x_wconf 82' lang='lat' dir='ltr'>concitatis</span> 
     </span>
     <span class='ocr_line' id='line_1_8' title="bbox 154 627 1343 678; baseline -0.002 -13"><span class='ocrx_word' id='word_1_47' title='bbox 154 629 262 678; x_wconf 86' lang='lat' dir='ltr'>equis</span> <span class='ocrx_word' id='word_1_48' title='bbox 287 628 475 673; x_wconf 84' lang='lat' dir='ltr'>invectus,</span> <span class='ocrx_word' id='word_1_49' title='bbox 504 641 623 677; x_wconf 88' lang='lat' dir='ltr'>quum</span> <span class='ocrx_word' id='word_1_50' title='bbox 658 627 776 676; x_wconf 87' lang='lat' dir='ltr'>prius,</span> <span class='ocrx_word' id='word_1_51' title='bbox 803 639 920 676; x_wconf 88' lang='lat' dir='ltr'>quam</span> <span class='ocrx_word' id='word_1_52' title='bbox 947 627 997 663; x_wconf 85' lang='lat' dir='ltr'>ad</span> <span class='ocrx_word' id='word_1_53' title='bbox 1026 627 1242 664; x_wconf 78' lang='lat' dir='ltr'>coniectum</span> <span class='ocrx_word' id='word_1_54' title='bbox 1272 627 1343 676; x_wconf 78' lang='lat' dir='ltr'>teli</span> 
     </span>
     <span class='ocr_line' id='line_1_9' title="bbox 154 691 1343 740; baseline -0.002 -10"><span class='ocrx_word' id='word_1_55' title='bbox 154 694 314 738; x_wconf 87' lang='lat' dir='ltr'>veniret,</span> <span class='ocrx_word' id='word_1_56' title='bbox 343 693 546 729; x_wconf 82' lang='lat' dir='ltr'>avertisset</span> <span class='ocrx_word' id='word_1_57' title='bbox 574 693 715 736; x_wconf 82' lang='lat' dir='ltr'>hostes,</span> <span class='ocrx_word' id='word_1_58' title='bbox 735 692 906 740; x_wconf 86' lang='lat' dir='ltr'>quinque</span> <span class='ocrx_word' id='word_1_59' title='bbox 934 692 1052 728; x_wconf 89' lang='lat' dir='ltr'>ferme</span> <span class='ocrx_word' id='word_1_60' title='bbox 1078 691 1202 728; x_wconf 88' lang='lat' dir='ltr'>millia</span> <span class='ocrx_word' id='word_1_61' title='bbox 1224 692 1343 728; x_wconf 88' lang='lat' dir='ltr'>conti-</span> 
     </span>
     <span class='ocr_line' id='line_1_10' title="bbox 121 755 1342 805; baseline -0.002 -10"><span class='ocrx_word' id='word_1_62' title='bbox 121 772 135 795; x_wconf 90' lang='lat'>9</span> <span class='ocrx_word' id='word_1_63' title='bbox 153 757 264 795; x_wconf 88' lang='lat' dir='ltr'>nenti</span> <span class='ocrx_word' id='word_1_64' title='bbox 296 770 410 794; x_wconf 88' lang='lat' dir='ltr'>cursu</span> <span class='ocrx_word' id='word_1_65' title='bbox 443 761 598 794; x_wconf 82' lang='lat' dir='ltr'>secutus</span> <span class='ocrx_word' id='word_1_66' title='bbox 631 762 689 793; x_wconf 87' lang='lat' dir='ltr'>est</span> <span class='ocrx_word' id='word_1_67' title='bbox 728 756 929 805; x_wconf 84' lang='lat' dir='ltr'>fugientes.</span> <span class='ocrx_word' id='word_1_68' title='bbox 1002 755 1211 792; x_wconf 81' lang='lat' dir='ltr'>Mancinus</span> <span class='ocrx_word' id='word_1_69' title='bbox 1243 760 1342 805; x_wconf 82' lang='lat' dir='ltr'>post-</span> 
     </span>
     <span class='ocr_line' id='line_1_11' title="bbox 153 820 1343 871; baseline -0.001 -13"><span class='ocrx_word' id='word_1_70' title='bbox 153 835 267 871; x_wconf 84' lang='lat' dir='ltr'>quam</span> <span class='ocrx_word' id='word_1_71' title='bbox 297 834 366 858; x_wconf 92' lang='lat' dir='ltr'>nec</span> <span class='ocrx_word' id='word_1_72' title='bbox 394 821 542 858; x_wconf 86' lang='lat' dir='ltr'>hostem</span> <span class='ocrx_word' id='word_1_73' title='bbox 573 821 755 858; x_wconf 89' lang='lat' dir='ltr'>desistere</span> <span class='ocrx_word' id='word_1_74' title='bbox 783 820 892 869; x_wconf 88' lang='lat' dir='ltr'>sequi</span> <span class='ocrx_word' id='word_1_75' title='bbox 918 833 987 857; x_wconf 89' lang='lat' dir='ltr'>nec</span> <span class='ocrx_word' id='word_1_76' title='bbox 1007 834 1112 869; x_wconf 90' lang='lat' dir='ltr'>spem</span> <span class='ocrx_word' id='word_1_77' title='bbox 1134 821 1234 857; x_wconf 87' lang='lat' dir='ltr'>vidit</span> <span class='ocrx_word' id='word_1_78' title='bbox 1254 821 1343 857; x_wconf 86' lang='lat' dir='ltr'>effu-</span> 
     </span>
     <span class='ocr_line' id='line_1_12' title="bbox 152 885 1342 936; baseline 0.001 -14"><span class='ocrx_word' id='word_1_79' title='bbox 152 887 281 936; x_wconf 86' lang='lat' dir='ltr'>giendi</span> <span class='ocrx_word' id='word_1_80' title='bbox 311 899 403 930; x_wconf 88' lang='lat' dir='ltr'>esse,</span> <span class='ocrx_word' id='word_1_81' title='bbox 434 886 656 922; x_wconf 81' lang='lat' dir='ltr'>cohortatus</span> <span class='ocrx_word' id='word_1_82' title='bbox 685 898 772 922; x_wconf 86' lang='lat' dir='ltr'>suos</span> <span class='ocrx_word' id='word_1_83' title='bbox 801 886 842 921; x_wconf 91' lang='lat' dir='ltr'>in</span> <span class='ocrx_word' id='word_1_84' title='bbox 870 885 1048 934; x_wconf 83' lang='lat' dir='ltr'>proe1ium</span> <span class='ocrx_word' id='word_1_85' title='bbox 1077 885 1205 932; x_wconf 78' lang='lat' dir='ltr'>rediit,</span> <span class='ocrx_word' id='word_1_86' title='bbox 1237 887 1342 923; x_wconf 91' lang='lat' dir='ltr'>omni</span> 
     </span>
     <span class='ocr_line' id='line_1_13' title="bbox 107 950 1339 1000; baseline 0.001 -14"><span class='ocrx_word' id='word_1_87' title='bbox 107 966 134 981; x_wconf 80' lang='lat' dir='ltr'><em>w</em></span> <span class='ocrx_word' id='word_1_88' title='bbox 151 956 260 1000; x_wconf 82' lang='lat' dir='ltr'>parte</span> <span class='ocrx_word' id='word_1_89' title='bbox 289 951 432 987; x_wconf 88' lang='lat' dir='ltr'>virium</span> <span class='ocrx_word' id='word_1_90' title='bbox 461 951 595 999; x_wconf 82' lang='lat' dir='ltr'>impar.</span> <span class='ocrx_word' id='word_1_91' title='bbox 654 951 794 999; x_wconf 81' lang='lat' dir='ltr'>Itaque</span> <span class='ocrx_word' id='word_1_92' title='bbox 823 951 905 1000; x_wconf 91' lang='lat' dir='ltr'>ipse</span> <span class='ocrx_word' id='word_1_93' title='bbox 934 954 973 987; x_wconf 90' lang='lat' dir='ltr'>et</span> <span class='ocrx_word' id='word_1_94' title='bbox 1001 950 1140 987; x_wconf 85' lang='lat' dir='ltr'>delecti</span> <span class='ocrx_word' id='word_1_95' title='bbox 1165 950 1339 1000; x_wconf 81' lang='lat' dir='ltr'>equitum</span> 
     </span>
     <span class='ocr_line' id='line_1_14' title="bbox 152 1012 1343 1067; baseline 0 -15"><span class='ocrx_word' id='word_1_96' title='bbox 152 1015 405 1052; x_wconf 88' lang='lat' dir='ltr'>circumventi</span> <span class='ocrx_word' id='word_1_97' title='bbox 437 1015 666 1051; x_wconf 78' lang='lat' dir='ltr'>occiduntur</span> <span class='ocrx_word' id='word_1_98' title='bbox 680 1029 690 1062; x_wconf 79' lang='lat'>3</span> <span class='ocrx_word' id='word_1_99' title='bbox 723 1015 841 1051; x_wconf 89' lang='lat' dir='ltr'>ceteri</span> <span class='ocrx_word' id='word_1_100' title='bbox 878 1015 997 1052; x_wconf 85' lang='lat' dir='ltr'>effuso</span> <span class='ocrx_word' id='word_1_101' title='bbox 1032 1012 1196 1067; x_wconf 85' lang='lat' dir='ltr'>[rursus]</span> <span class='ocrx_word' id='word_1_102' title='bbox 1229 1027 1343 1052; x_wconf 89' lang='lat' dir='ltr'>cursu</span> 
     </span>
     <span class='ocr_line' id='line_1_15' title="bbox 153 1078 1341 1129; baseline 0.001 -13"><span class='ocrx_word' id='word_1_103' title='bbox 153 1078 263 1116; x_wconf 81' lang='lat' dir='ltr'>Cales</span> <span class='ocrx_word' id='word_1_104' title='bbox 282 1079 461 1128; x_wconf 86' lang='lat' dir='ltr'>primum,</span> <span class='ocrx_word' id='word_1_105' title='bbox 483 1079 572 1115; x_wconf 88' lang='lat' dir='ltr'>inde</span> <span class='ocrx_word' id='word_1_106' title='bbox 594 1092 710 1129; x_wconf 85' lang='lat' dir='ltr'>prope</span> <span class='ocrx_word' id='word_1_107' title='bbox 729 1079 845 1116; x_wconf 79' lang='lat' dir='ltr'>inviis</span> <span class='ocrx_word' id='word_1_108' title='bbox 864 1079 1026 1116; x_wconf 88' lang='lat' dir='ltr'>callibus</span> <span class='ocrx_word' id='word_1_109' title='bbox 1046 1080 1095 1117; x_wconf 89' lang='lat' dir='ltr'>ad</span> <span class='ocrx_word' id='word_1_110' title='bbox 1115 1079 1341 1117; x_wconf 83' lang='lat' dir='ltr'>dictatorem</span> 
     </span>
    </p>

    <p class='ocr_par' dir='ltr' id='par_1_3' title="bbox 85 1143 1346 1903">
     <span class='ocr_line' id='line_1_16' title="bbox 152 1143 413 1193; baseline 0.004 -14"><span class='ocrx_word' id='word_1_111' title='bbox 152 1157 161 1192; x_wconf 72' lang='lat'>1</span> <span class='ocrx_word' id='word_1_112' title='bbox 168 1143 413 1193; x_wconf 81' lang='lat' dir='ltr'>›erfugerunt.</span> 
     </span>
     <span class='ocr_line' id='line_1_17' title="bbox 105 1208 1344 1256; baseline 0.002 -12"><span class='ocrx_word' id='word_1_113' title='bbox 105 1222 127 1237; x_wconf 82' lang='lat'>1¹</span> <span class='ocrx_word' id='word_1_114' title='bbox 234 1209 289 1244; x_wconf 89' lang='lat' dir='ltr'>Eo</span> <span class='ocrx_word' id='word_1_115' title='bbox 309 1209 407 1244; x_wconf 85' lang='lat' dir='ltr'>forte</span> <span class='ocrx_word' id='word_1_116' title='bbox 427 1209 488 1244; x_wconf 84' lang='lat' dir='ltr'>die</span> <span class='ocrx_word' id='word_1_117' title='bbox 510 1208 708 1245; x_wconf 88' lang='lat' dir='ltr'>Minucius</span> <span class='ocrx_word' id='word_1_118' title='bbox 723 1222 762 1246; x_wconf 91' lang='lat' dir='ltr'>se</span> <span class='ocrx_word' id='word_1_119' title='bbox 782 1209 1037 1246; x_wconf 80' lang='lat' dir='ltr'>coniunxerat</span> <span class='ocrx_word' id='word_1_120' title='bbox 1056 1209 1186 1256; x_wconf 83' lang='lat' dir='ltr'>Fabio,</span> <span class='ocrx_word' id='word_1_121' title='bbox 1204 1210 1344 1247; x_wconf 88' lang='lat' dir='ltr'>missus</span> 
     </span>
     <span class='ocr_line' id='line_1_18' title="bbox 151 1273 1344 1323; baseline 0.001 -13"><span class='ocrx_word' id='word_1_122' title='bbox 151 1286 194 1311; x_wconf 73' lang='lat' dir='ltr'>He</span> <span class='ocrx_word' id='word_1_123' title='bbox 210 1286 289 1311; x_wconf 78' lang='lat' dir='ltr'>sends</span> <span class='ocrx_word' id='word_1_124' title='bbox 307 1290 334 1310; x_wconf 78' lang='lat' dir='ltr'>to</span> <span class='ocrx_word' id='word_1_125' title='bbox 356 1287 421 1311; x_wconf 76' lang='lat' dir='ltr'>hold</span> <span class='ocrx_word' id='word_1_126' title='bbox 448 1273 495 1308; x_wconf 88' lang='lat' dir='ltr'>ad</span> <span class='ocrx_word' id='word_1_127' title='bbox 516 1273 747 1310; x_wconf 86' lang='lat' dir='ltr'>firmandum</span> <span class='ocrx_word' id='word_1_128' title='bbox 767 1274 944 1323; x_wconf 85' lang='lat' dir='ltr'>praesidio</span> <span class='ocrx_word' id='word_1_129' title='bbox 966 1274 1121 1320; x_wconf 86' lang='lat' dir='ltr'>saltum,</span> <span class='ocrx_word' id='word_1_130' title='bbox 1142 1274 1211 1323; x_wconf 90' lang='lat' dir='ltr'>qui</span> <span class='ocrx_word' id='word_1_131' title='bbox 1229 1287 1344 1323; x_wconf 85' lang='lat' dir='ltr'>super</span> 
     </span>
     <span class='ocr_line' id='line_1_19' title="bbox 151 1317 1344 1377; baseline 0.003 -6"><span class='ocrx_word' id='word_1_132' title='bbox 151 1317 304 1377; x_wconf 49' lang='lat' dir='ltr'>&#39;‘iifrrassffiri,</span> <span class='ocrx_word' id='word_1_133' title='bbox 330 1318 415 1342; x_wconf 45' lang='grc' dir='ltr'>πονε</span> <span class='ocrx_word' id='word_1_134' title='bbox 443 1337 690 1373; x_wconf 75' lang='lat' dir='ltr'>Tarracinam</span> <span class='ocrx_word' id='word_1_135' title='bbox 718 1337 761 1374; x_wconf 89' lang='lat' dir='ltr'>in</span> <span class='ocrx_word' id='word_1_136' title='bbox 794 1342 896 1375; x_wconf 84' lang='lat' dir='ltr'>artas</span> <span class='ocrx_word' id='word_1_137' title='bbox 929 1343 1083 1375; x_wconf 88' lang='lat' dir='ltr'>coactus</span> <span class='ocrx_word' id='word_1_138' title='bbox 1115 1338 1244 1376; x_wconf 82' lang='lat' dir='ltr'>fauces</span> <span class='ocrx_word' id='word_1_139' title='bbox 1277 1339 1344 1375; x_wconf 89' lang='lat' dir='ltr'>im-</span> 
     </span>
     <span class='ocr_line' id='line_1_20' title="bbox 152 1400 1343 1452; baseline 0.003 -16"><span class='ocrx_word' id='word_1_140' title='bbox 152 1400 275 1436; x_wconf 87' lang='lat' dir='ltr'>minet</span> <span class='ocrx_word' id='word_1_141' title='bbox 298 1402 406 1446; x_wconf 87' lang='lat' dir='ltr'>mari‚</span> <span class='ocrx_word' id='word_1_142' title='bbox 428 1414 476 1438; x_wconf 92' lang='lat' dir='ltr'>ne</span> <span class='ocrx_word' id='word_1_143' title='bbox 501 1402 549 1437; x_wconf 84' lang='lat' dir='ltr'>ab</span> <span class='ocrx_word' id='word_1_144' title='bbox 576 1401 757 1438; x_wconf 80' lang='lat' dir='ltr'>Sinuessa</span> <span class='ocrx_word' id='word_1_145' title='bbox 782 1402 925 1439; x_wconf 86' lang='lat' dir='ltr'>Poenus</span> <span class='ocrx_word' id='word_1_146' title='bbox 943 1402 1084 1452; x_wconf 86' lang='lat' dir='ltr'>Appiae</span> <span class='ocrx_word' id='word_1_147' title='bbox 1110 1403 1235 1440; x_wconf 88' lang='lat' dir='ltr'>limite</span> <span class='ocrx_word' id='word_1_148' title='bbox 1262 1416 1343 1452; x_wconf 89' lang='lat' dir='ltr'>per-</span> 
     </span>
     <span class='ocr_line' id='line_1_21' title="bbox 103 1465 1344 1516; baseline 0.003 -16"><span class='ocrx_word' id='word_1_149' title='bbox 103 1478 132 1494; x_wconf 87' lang='lat'>12</span> <span class='ocrx_word' id='word_1_150' title='bbox 154 1465 284 1501; x_wconf 79' lang='lat' dir='ltr'>venire</span> <span class='ocrx_word' id='word_1_151' title='bbox 307 1465 348 1501; x_wconf 89' lang='lat' dir='ltr'>in</span> <span class='ocrx_word' id='word_1_152' title='bbox 380 1478 514 1515; x_wconf 84' lang='lat' dir='ltr'>agrum</span> <span class='ocrx_word' id='word_1_153' title='bbox 541 1466 761 1503; x_wconf 83' lang='lat' dir='ltr'>Romanum</span> <span class='ocrx_word' id='word_1_154' title='bbox 790 1471 927 1516; x_wconf 89' lang='lat' dir='ltr'>posset.</span> <span class='ocrx_word' id='word_1_155' title='bbox 988 1467 1214 1504; x_wconf 81' lang='lat' dir='ltr'>Coniunctis</span> <span class='ocrx_word' id='word_1_156' title='bbox 1239 1481 1344 1505; x_wconf 83' lang='lat' dir='ltr'>exer-</span> 
     </span>
     <span class='ocr_line' id='line_1_22' title="bbox 152 1529 1343 1581; baseline 0.003 -16"><span class='ocrx_word' id='word_1_157' title='bbox 152 1529 292 1566; x_wconf 88' lang='lat' dir='ltr'>citibus</span> <span class='ocrx_word' id='word_1_158' title='bbox 322 1530 488 1566; x_wconf 85' lang='lat' dir='ltr'>dictator</span> <span class='ocrx_word' id='word_1_159' title='bbox 518 1543 561 1567; x_wconf 88' lang='lat' dir='ltr'>ac</span> <span class='ocrx_word' id='word_1_160' title='bbox 591 1531 773 1580; x_wconf 84' lang='lat' dir='ltr'>magister</span> <span class='ocrx_word' id='word_1_161' title='bbox 805 1532 981 1581; x_wconf 89' lang='lat' dir='ltr'>equitum</span> <span class='ocrx_word' id='word_1_162' title='bbox 1014 1535 1139 1569; x_wconf 84' lang='lat' dir='ltr'>castra</span> <span class='ocrx_word' id='word_1_163' title='bbox 1169 1532 1212 1568; x_wconf 91' lang='lat' dir='ltr'>in</span> <span class='ocrx_word' id='word_1_164' title='bbox 1239 1532 1343 1569; x_wconf 78' lang='lat' dir='ltr'>viam</span> 
     </span>
     <span class='ocr_line' id='line_1_23' title="bbox 152 1594 1344 1643; baseline 0.003 -14"><span class='ocrx_word' id='word_1_165' title='bbox 152 1594 341 1640; x_wconf 87' lang='lat' dir='ltr'>deferunt,</span> <span class='ocrx_word' id='word_1_166' title='bbox 363 1607 439 1642; x_wconf 85' lang='lat' dir='ltr'>qua</span> <span class='ocrx_word' id='word_1_167' title='bbox 460 1595 662 1631; x_wconf 77' lang='lat' dir='ltr'>Hannibal</span> <span class='ocrx_word' id='word_1_168' title='bbox 682 1596 868 1632; x_wconf 86' lang='lat' dir='ltr'>ducturus</span> <span class='ocrx_word' id='word_1_169' title='bbox 889 1600 989 1643; x_wconf 79' lang='lat' dir='ltr'>erat3</span> <span class='ocrx_word' id='word_1_170' title='bbox 1017 1596 1092 1632; x_wconf 90' lang='lat' dir='ltr'>duo</span> <span class='ocrx_word' id='word_1_171' title='bbox 1111 1596 1203 1633; x_wconf 85' lang='lat' dir='ltr'>inde</span> <span class='ocrx_word' id='word_1_172' title='bbox 1221 1596 1344 1633; x_wconf 80' lang='lat' dir='ltr'>millia</span> 
     </span>
     <span class='ocr_line' id='line_1_24' title="bbox 85 1657 1345 1709; baseline 0.003 -16"><span class='ocrx_word' id='word_1_173' title='bbox 85 1657 131 1693; x_wconf 89' lang='grc'>16</span> <span class='ocrx_word' id='word_1_174' title='bbox 153 1658 280 1694; x_wconf 89' lang='lat' dir='ltr'>hostes</span> <span class='ocrx_word' id='word_1_175' title='bbox 313 1659 480 1696; x_wconf 81' lang='lat' dir='ltr'>aberant.</span> <span class='ocrx_word' id='word_1_176' title='bbox 554 1659 715 1696; x_wconf 86' lang='lat' dir='ltr'>Postero</span> <span class='ocrx_word' id='word_1_177' title='bbox 748 1661 810 1697; x_wconf 89' lang='lat' dir='ltr'>die</span> <span class='ocrx_word' id='word_1_178' title='bbox 844 1661 966 1707; x_wconf 81' lang='lat' dir='ltr'>Poem’,</span> <span class='ocrx_word' id='word_1_179' title='bbox 1001 1661 1104 1709; x_wconf 89' lang='lat' dir='ltr'>quod</span> <span class='ocrx_word' id='word_1_180' title='bbox 1136 1661 1209 1697; x_wconf 84' lang='lat' dir='ltr'>viae</span> <span class='ocrx_word' id='word_1_181' title='bbox 1242 1661 1345 1698; x_wconf 88' lang='lat' dir='ltr'>inter</span> 
     </span>
     <span class='ocr_line' id='line_1_25' title="bbox 120 1722 1342 1774; baseline 0.005 -17"><span class='ocrx_word' id='word_1_182' title='bbox 120 1741 134 1757; x_wconf 58' lang='grc' dir='ltr'><em>ο</em></span> <span class='ocrx_word' id='word_1_183' title='bbox 154 1722 246 1758; x_wconf 86' lang='lat' dir='ltr'>bina</span> <span class='ocrx_word' id='word_1_184' title='bbox 265 1726 390 1759; x_wconf 87' lang='lat' dir='ltr'>castra</span> <span class='ocrx_word' id='word_1_185' title='bbox 415 1727 508 1770; x_wconf 87' lang='lat' dir='ltr'>erat,</span> <span class='ocrx_word' id='word_1_186' title='bbox 530 1724 683 1773; x_wconf 86' lang='lat' dir='ltr'>agmine</span> <span class='ocrx_word' id='word_1_187' title='bbox 707 1725 954 1774; x_wconf 85' lang='lat' dir='ltr'>complevere.</span> <span class='ocrx_word' id='word_1_188' title='bbox 1015 1725 1143 1770; x_wconf 83' lang='lat' dir='ltr'>Quum</span> <span class='ocrx_word' id='word_1_189' title='bbox 1179 1726 1342 1763; x_wconf 81' lang='lat' dir='ltr'>Romani</span> 
     </span>
     <span class='ocr_line' id='line_1_26' title="bbox 154 1787 1342 1838; baseline 0.003 -16"><span class='ocrx_word' id='word_1_190' title='bbox 154 1787 225 1823; x_wconf 90' lang='lat' dir='ltr'>sub</span> <span class='ocrx_word' id='word_1_191' title='bbox 252 1787 333 1836; x_wconf 90' lang='lat' dir='ltr'>ipso</span> <span class='ocrx_word' id='word_1_192' title='bbox 360 1788 624 1825; x_wconf 82' lang='lat' dir='ltr'>constitissent</span> <span class='ocrx_word' id='word_1_193' title='bbox 646 1789 760 1835; x_wconf 86' lang='lat' dir='ltr'>vallo,</span> <span class='ocrx_word' id='word_1_194' title='bbox 781 1789 885 1826; x_wconf 90' lang='lat' dir='ltr'>haud</span> <span class='ocrx_word' id='word_1_195' title='bbox 911 1789 1027 1826; x_wconf 91' lang='lat' dir='ltr'>dubie</span> <span class='ocrx_word' id='word_1_196' title='bbox 1053 1790 1220 1838; x_wconf 75' lang='lat' dir='ltr'>aequiore</span> <span class='ocrx_word' id='word_1_197' title='bbox 1250 1790 1342 1836; x_wconf 88' lang='lat' dir='ltr'>loco,</span> 
     </span>
     <span class='ocr_line' id='line_1_27' title="bbox 153 1853 1346 1903; baseline 0.003 -16"><span class='ocrx_word' id='word_1_198' title='bbox 153 1863 207 1887; x_wconf 75' lang='lat' dir='ltr'>and</span> <span class='ocrx_word' id='word_1_199' title='bbox 230 1864 352 1894; x_wconf 76' lang='lat' dir='ltr'>occupies</span> <span class='ocrx_word' id='word_1_200' title='bbox 374 1864 420 1888; x_wconf 78' lang='lat' dir='ltr'>the</span> <span class='ocrx_word' id='word_1_201' title='bbox 448 1853 629 1889; x_wconf 84' lang='lat' dir='ltr'>successit</span> <span class='ocrx_word' id='word_1_202' title='bbox 666 1857 797 1890; x_wconf 87' lang='lat' dir='ltr'>tamen</span> <span class='ocrx_word' id='word_1_203' title='bbox 835 1853 979 1890; x_wconf 88' lang='lat' dir='ltr'>Poenus</span> <span class='ocrx_word' id='word_1_204' title='bbox 1020 1867 1106 1890; x_wconf 91' lang='lat' dir='ltr'>cum</span> <span class='ocrx_word' id='word_1_205' title='bbox 1154 1854 1346 1903; x_wconf 83' lang='lat' dir='ltr'>expeditis</span> 
     </span>
    </p>
   </div>
   <div class='ocr_carea' id='block_1_3' title="bbox 155 1894 1342 1966">
    <p class='ocr_par' dir='ltr' id='par_1_4' title="bbox 155 1894 1342 1966">
     <span class='ocr_line' id='line_1_28' title="bbox 155 1894 567 1924; baseline 0 -6"><span class='ocrx_word' id='word_1_206' title='bbox 155 1894 296 1919; x_wconf 75' lang='lat' dir='ltr'>mountain</span> <span class='ocrx_word' id='word_1_207' title='bbox 353 1895 420 1919; x_wconf 84' lang='lat' dir='ltr'>road</span> <span class='ocrx_word' id='word_1_208' title='bbox 527 1917 534 1924; x_wconf 82' lang='grc'>,</span> <span class='ocrx_word' id='word_1_209' title='bbox 560 1917 567 1924; x_wconf 77' lang='lat'><em>,</em></span> 
     </span>
     <span class='ocr_line' id='line_1_29' title="bbox 155 1918 1342 1966; baseline 0.007 -19"><span class='ocrx_word' id='word_1_210' title='bbox 155 1925 420 1955; x_wconf 60' lang='lat' dir='ltr'>througnwhicnthe</span> <span class='ocrx_word' id='word_1_211' title='bbox 449 1918 719 1966; x_wconf 73' lang='lat' dir='ltr'>eqiutibusque</span> <span class='ocrx_word' id='word_1_212' title='bbox 774 1919 824 1954; x_wconf 84' lang='lat' dir='ltr'>ad</span> <span class='ocrx_word' id='word_1_213' title='bbox 869 1918 1132 1955; x_wconf 85' lang='lat' dir='ltr'>lacessendum</span> <span class='ocrx_word' id='word_1_214' title='bbox 1182 1918 1342 1956; x_wconf 88' lang='lat' dir='ltr'>hostem.</span> 
     </span>
    </p>
   </div>
   <div class='ocr_carea' id='block_1_4' title="bbox 122 1958 1347 2226">
    <p class='ocr_par' dir='ltr' id='par_1_5' title="bbox 122 1958 1347 2226">
     <span class='ocr_line' id='line_1_30' title="bbox 154 1958 1346 2032; baseline 0.003 -16"><span class='ocrx_word' id='word_1_215' title='bbox 154 1962 249 2016; x_wconf 38' lang='grc' dir='ltr'>ἓξὲξ),</span> <span class='ocrx_word' id='word_1_216' title='bbox 271 1962 364 1980; x_wconf 77' lang='lat' dir='ltr'>means</span> <span class='ocrx_word' id='word_1_217' title='bbox 391 1958 419 1980; x_wconf 60' lang='lat' dir='ltr'>to</span> <span class='ocrx_word' id='word_1_218' title='bbox 450 1980 623 2030; x_wconf 80' lang='lat' dir='ltr'>Oarptim</span> <span class='ocrx_word' id='word_1_219' title='bbox 659 1982 769 2019; x_wconf 87' lang='lat' dir='ltr'>Poeni</span> <span class='ocrx_word' id='word_1_220' title='bbox 802 1986 842 2019; x_wconf 93' lang='lat' dir='ltr'>et</span> <span class='ocrx_word' id='word_1_221' title='bbox 871 1982 1131 2031; x_wconf 85' lang='lat' dir='ltr'>procursando</span> <span class='ocrx_word' id='word_1_222' title='bbox 1163 1982 1346 2032; x_wconf 86' lang='lat' dir='ltr'>recipien-</span> 
     </span>
     <span class='ocr_line' id='line_1_31' title="bbox 122 2044 1345 2094; baseline 0.002 -13"><span class='ocrx_word' id='word_1_223' title='bbox 122 2057 134 2080; x_wconf 81' lang='lat'>3</span> <span class='ocrx_word' id='word_1_224' title='bbox 155 2044 280 2093; x_wconf 87' lang='lat' dir='ltr'>doque</span> <span class='ocrx_word' id='word_1_225' title='bbox 298 2057 378 2081; x_wconf 91' lang='lat' dir='ltr'>sese</span> <span class='ocrx_word' id='word_1_226' title='bbox 398 2058 640 2094; x_wconf 76' lang='lat' dir='ltr'>pugnavere3</span> <span class='ocrx_word' id='word_1_227' title='bbox 670 2046 814 2083; x_wconf 87' lang='lat' dir='ltr'>restitit</span> <span class='ocrx_word' id='word_1_228' title='bbox 833 2059 901 2083; x_wconf 86' lang='lat' dir='ltr'>suo</span> <span class='ocrx_word' id='word_1_229' title='bbox 924 2047 1004 2083; x_wconf 90' lang='lat' dir='ltr'>loco</span> <span class='ocrx_word' id='word_1_230' title='bbox 1026 2047 1204 2084; x_wconf 85' lang='lat' dir='ltr'>Romana</span> <span class='ocrx_word' id='word_1_231' title='bbox 1221 2047 1322 2084; x_wconf 78' lang='lat' dir='ltr'>acies</span> <span class='ocrx_word' id='word_1_232' title='bbox 1334 2059 1345 2094; x_wconf 62' lang='grc' dir='ltr'><strong><em>ς</em></strong></span> 
     </span>
     <span class='ocr_line' id='line_1_32' title="bbox 154 2109 1347 2160; baseline 0.003 -15"><span class='ocrx_word' id='word_1_233' title='bbox 154 2109 260 2145; x_wconf 87' lang='lat' dir='ltr'>lenta</span> <span class='ocrx_word' id='word_1_234' title='bbox 291 2122 421 2158; x_wconf 83' lang='lat' dir='ltr'>pugna</span> <span class='ocrx_word' id='word_1_235' title='bbox 449 2113 489 2146; x_wconf 91' lang='lat' dir='ltr'>et</span> <span class='ocrx_word' id='word_1_236' title='bbox 516 2123 564 2146; x_wconf 83' lang='lat' dir='ltr'>ex</span> <span class='ocrx_word' id='word_1_237' title='bbox 594 2110 793 2147; x_wconf 86' lang='lat' dir='ltr'>dictatoris</span> <span class='ocrx_word' id='word_1_238' title='bbox 819 2112 940 2160; x_wconf 86' lang='lat' dir='ltr'>magis</span> <span class='ocrx_word' id='word_1_239' title='bbox 966 2124 1081 2160; x_wconf 86' lang='lat' dir='ltr'>quam</span> <span class='ocrx_word' id='word_1_240' title='bbox 1109 2111 1347 2148; x_wconf 82' lang='lat' dir='ltr'>Hannibalis</span> 
     </span>
     <span class='ocr_line' id='line_1_33' title="bbox 155 2173 1346 2226; baseline 0.003 -16"><span class='ocrx_word' id='word_1_241' title='bbox 155 2173 232 2210; x_wconf 87' lang='lat' dir='ltr'>fuit</span> <span class='ocrx_word' id='word_1_242' title='bbox 251 2173 461 2211; x_wconf 85' lang='lat' dir='ltr'>voluntate.</span> <span class='ocrx_word' id='word_1_243' title='bbox 523 2175 693 2212; x_wconf 88' lang='lat' dir='ltr'>Ducenti</span> <span class='ocrx_word' id='word_1_244' title='bbox 721 2176 770 2211; x_wconf 87' lang='lat' dir='ltr'>ab</span> <span class='ocrx_word' id='word_1_245' title='bbox 798 2175 996 2223; x_wconf 81' lang='lat' dir='ltr'>Romanis,</span> <span class='ocrx_word' id='word_1_246' title='bbox 1020 2175 1236 2226; x_wconf 85' lang='lat' dir='ltr'>octingenti</span> <span class='ocrx_word' id='word_1_247' title='bbox 1263 2176 1346 2216; x_wconf 75' lang='lat' dir='ltr'>hos-</span> 
     </span>
    </p>
   </div>
   <div class='ocr_carea' id='block_1_5' title="bbox 157 2238 451 2275">
    <p class='ocr_par' dir='ltr' id='par_1_6' title="bbox 157 2238 451 2275">
     <span class='ocr_line' id='line_1_34' title="bbox 157 2238 451 2275; baseline 0.003 -1"><span class='ocrx_word' id='word_1_248' title='bbox 157 2238 254 2274; x_wconf 87' lang='lat' dir='ltr'>tium</span> <span class='ocrx_word' id='word_1_249' title='bbox 275 2238 451 2275; x_wconf 85' lang='lat' dir='ltr'>cecidere.</span> 
     </span>
    </p>
   </div>
  </div>
 </body>
</html>
