1403 2438
495 99 664 134 LIBER
701 98 838 135 XXII.
1192 96 1260 131 127

72 198 276 235 stationem
299 210 452 246 quoque
474 211 540 245 pro
564 197 662 232 vallo
687 196 846 232 locat-„un
874 201 990 244 atquo
1019 195 1119 243 ipsas
1147 207 1264 243 prope

73 269 202 310 portas
222 261 346 298 evecti
367 269 468 298 sunt.
535 262 573 296 {11
601 275 688 297 voro
708 261 800 297 adeo
828 260 1029 308 iudignum
1058 259 1195 305 visum,
1216 259 1265 294 ab
1283 273 1296 295 ⁴

74 325 328 362 tumultuario
348 325 494 361 auxilio
516 326 591 360 iam
615 326 731 361 etiam
759 330 882 360 castra
914 324 1089 359 Romana
1114 322 1262 367 terreri,

75 397 119 426 ut
139 403 183 427 eu
202 390 315 426 modo
341 403 418 426 una
444 403 567 435 causa,
589 403 637 425 no
664 388 858 436 extemplo
887 389 1097 423 transirent
1122 388 1263 423 flumen

73 454 360 504 dirigerentque
388 454 519 498 aciem,
550 452 720 489 tenuerit
749 451 956 491 Romanos,
984 450 1086 498 quod
1116 463 1266 486 summa

75 518 226 567 imperii
255 531 298 554 eo
327 518 388 554 die
417 530 532 566 penes
562 516 726 552 Paulum
759 516 884 552 fuerit.
948 515 1087 564 Itaque
1114 520 1266 564 postero
1286 530 1298 552 s

74 583 136 619 die
156 583 294 629 Varro,
315 582 377 619 cui
397 595 477 619 sors
497 583 578 618 eius
598 582 672 617 (liei
698 581 848 630 imperii
878 585 970 624 erut,
1001 607 1054 631 and
1072 606 1160 631 Van-0
1177 606 1267 631 insists

74 647 172 683 nihil
202 647 377 684 consulto
408 647 552 695 collega
585 647 736 695 signum
772 645 972 694 proposuit
1001 645 1035 662 ⁰¹¹
1048 638 1160 667 ‘’ffffing
1173 638 1255 661 b²¹tt¹⁰

77 712 356 760 instructasque
383 711 509 759 copias
536 710 680 746 flumen
709 710 896 754 traduxit,
919 713 1104 758 sequente
1131 708 1264 753 Paulo,

75 773 167 822 quia
186 773 307 822 magis
327 787 403 810 non
426 774 586 823 probare
612 786 728 822 quam
750 786 826 809 non
853 773 1037 809 adiuvare
1063 771 1265 809 consilium

77 842 237 886 poterat.
295 838 537 887 Transgressi
560 838 701 875 flumen
731 850 793 874 eas
819 851 980 887 quoque,
1004 851 1099 887 quas
1125 839 1166 873 in
1193 850 1266 873 eas·
1287 846 1301 869 6

76 903 147 939 tris
165 902 379 939 minoribus
398 903 624 947 habuerant,
645 903 772 952 copias
799 904 878 939 suis
907 903 1127 951 adiungunt
1152 906 1268 951 atque

75 967 131 1003 ita
150 966 352 1002 instruunt
370 967 513 1005 aciem:
544 968 583 1003 in
611 968 747 1003 dextro
774 980 892 1003 cornu
927 967 979 1016 (id
1009 970 1091 1002 erat
1116 965 1267 1002 flumini

76 1030 249 1079 propius)
273 1030 467 1066 Romanos
496 1031 645 1079 equites
675 1031 813 1076 locant,
840 1031 979 1067 deinde
1008 1030 1180 1080 pedites,
1208 1030 1268 1067 lae-
1287 1048 1301 1071 ⁷

79 1108 169 1131 vum
188 1107 307 1131 cornu
326 1096 489 1131 extremi
511 1095 660 1144 equites
684 1096 886 1142 sociorum,
910 1096 1012 1132 intra
1039 1095 1198 1144 pediteS‚
1219 1095 1267 1132 ad

78 1158 245 1194 inedium
276 1158 398 1194 iuncti
428 1159 644 1207 legionibus
674 1159 872 1206 Romanis,
904 1164 1141 1205 tenuerunt3
1169 1159 1268 1195 iacu-

78 1223 217 1259 latores
250 1236 336 1259 cum
371 1224 506 1260 ceteris
542 1223 685 1260 levium
720 1237 913 1261 armorum
955 1224 1111 1260 auxiliis
1145 1224 1269 1272 prima

76 1286 176 1324 adies
194 1287 305 1324 facta.
347 1287 532 1324 Consules
548 1302 691 1325 cornua
710 1294 881 1334 tenuere,
896 1290 1100 1326 Terentius
1116 1289 1266 1335 laevum,
1287 1306 1302 1331 8

78 1351 266 1388 AEmilius
312 1351 519 1399 dextrum3
572 1351 737 1389 Gemino
775 1352 939 1389 Servilio
977 1352 1103 1389 media
1139 1364 1269 1401 pugna

80 1415 223 1451 tuenda
251 1415 350 1451 data.

157 1478 361 1515 Hannibal
381 1478 465 1515 luce
485 1479 618 1527 prima,
641 1479 861 1516 Baliaribus
881 1480 1033 1529 levique
1053 1480 1129 1516 alia
1148 1492 1269 1516 arma·
1286 1483 1336 1521 46

79 1549 166 1579 tura
203 1544 408 1592 praemissa,
441 1548 702 1592 transgressus
738 1544 895 1590 flumen,
929 1548 975 1580 ut
1003 1571 1044 1595 sor
1062 1571 1144 1595 which
1164 1571 1267 1595 Hauni-

77 1621 248 1657 quosque
279 1608 515 1654 traduxerat,
546 1607 602 1644 ita
631 1608 673 1644 in
701 1609 781 1645 acie
810 1609 970 1656 locabat,
1001 1602 1231 1633 b²¹i³¹³re¹³²¹ffi

77 1671 210 1708 Gallos
230 1671 504 1721 Hispanosque
523 1672 673 1721 equites
693 1685 810 1722 prope
829 1673 952 1722 ripam
973 1673 1069 1710 laevo
1087 1674 1126 1710 in
1148 1687 1268 1711 cornu
1286 1695 1300 1712 2

77 1734 261 1771 adversus
280 1734 500 1771 Romanum
522 1736 741 1784 equitatum
755 1750 766 1784 3
790 1737 971 1773 dextrum
991 1750 1108 1774 cornu
1130 1738 1269 1774 Numi·
1285 1760 1299 1783 3

77 1799 136 1836 dis
158 1799 352 1848 equitibus
378 1799 524 1846 datum,
547 1801 674 1837 media
698 1801 779 1837 acie
805 1801 1001 1850 peditibus
1026 1802 1189 1848 firmata,
1212 1801 1267 1838 ita

78 1868 123 1900 ut
142 1864 327 1900 Afrorum
348 1868 512 1913 utraque
531 1877 673 1901 cornua
694 1869 830 1911 essent,
847 1860 1188 1916 interponerentur
1206 1865 1267 1902 his

78 1927 194 1965 medii
223 1927 327 1964 Galli
356 1932 472 1978 atque
502 1929 683 1978 Hispani.
740 1930 860 1967 Afros
886 1930 1103 1967 Romanam
1129 1943 1268 1979 magna
1285 1954 1299 1977 ⁴

76 2005 124 2029 ex
144 1996 254 2041 parte
273 1993 444 2030 crederes
463 1993 584 2029 aciem
591 2008 601 2041 3
630 1993 685 2030 ita
705 1994 845 2031 armati
870 2000 982 2031 erant
1008 1995 1125 2031 armis
1153 1999 1193 2032 et
1218 1995 1266 2032 ad
1288 1998 1291 2002 '

78 2055 264 2103 Trebiam,
296 2061 466 2093 ceterum
495 2070 634 2106 magna
661 2071 708 2095 ex
737 2064 848 2108 parte
877 2059 926 2096 ad
958 2059 1266 2097 Trasumennum

77 2121 209 2171 captis.
270 2120 393 2157 Gallis
412 2121 678 2172 Hispanisque
704 2128 814 2160 scuta
837 2124 1006 2160 eiusdem
1034 2124 1163 2161 formae
1189 2124 1267 2162 fere
1284 2139 1299 2164 5

75 2189 197 2232 erant,
220 2185 390 2235 dispares
413 2198 456 2222 ac
481 2186 686 2224 dissimiles
711 2187 841 2237 gladii,
865 2187 988 2224 Gallis
1014 2188 1199 2238 praelongi
1223 2201 1266 2226 ac
