1403 2438
485 185 653 221 LIBER
691 184 835 220 XXII.
1207 183 1228 219 9
1234 183 1255 219 3

151 284 329 321 Inclusus
363 284 451 319 iude
486 283 606 320 videri
636 283 850 328 Hannibal,
879 282 942 318 via
967 283 1013 318 ad
1044 281 1255 318 Casilinum
1277 303 1287 320 ⁴

67 350 228 395 obsessa,
251 361 371 396 quum
397 348 530 397 Capua
555 352 594 384 et
614 347 814 385 Samnium
837 351 877 384 et
901 351 1056 383 tautum
1083 347 1130 382 ab
1151 351 1258 396 tergo

67 414 233 451 divitum
277 412 465 449 sociorum
519 413 700 449 Romanis
743 416 978 448 commeatus
1014 410 1256 456 subveheret,

69 478 214 515 Poenus
245 477 348 514 inter
378 477 585 514 Formiana
617 490 711 513 saxa
744 490 786 513 ac
816 476 965 513 Literni
1000 488 1133 512 arenas
1162 479 1259 524 stag-

69 555 194 592 naque
221 548 261 579 et
286 555 354 591 per
378 541 552 578 horridas
581 541 697 577 silvas
726 541 1000 577 hibernaturus
1029 544 1128 576 esset
1141 553 1152 586 3
1191 552 1260 576 nec
1278 555 1292 579 s

71 606 334 642 Hannibalem
355 605 504 651 fefellit,
525 605 604 641 suis
625 618 663 641 se
683 605 833 641 artibus
853 605 942 654 peti.
979 604 1118 653 Itaque
1138 616 1258 653 quum

70 683 138 720 per
160 670 373 708 Casilinum
392 669 554 707 evadere
579 683 656 706 non
683 675 811 719 posset
837 675 966 719 peten-
995 699 1133 724 Hannibal
1153 699 1261 724 outwits

69 735 184 784 dique
210 739 359 771 montes
383 738 423 771 et
451 734 583 783 iugum
614 734 809 771 Calliculae
839 746 966 783 super·
995 731 1178 791 ζξξιξξξέυζωῧ
1195 730 1262 784 ”gog

69 800 212 836 andum
241 803 349 845 esset,
377 799 516 835 necubi
546 799 746 835 Romanus
776 799 967 835 inclusum
997 792 1147 822 passesthe
1160 791 1260 820 “⁰⁶¹⁰S’

71 864 235 901 vallibus
254 877 390 914 agmen
416 864 698 913 aggrederetur,
722 864 932 900 ludibrium
962 862 1158 900 oculorum
1183 874 1261 910 spe·
1281 874 1296 898 6

70 929 126 965 cie
144 928 318 965 terribile
343 928 392 965 ad
420 928 685 964 frustrandum
712 928 862 965 hostem
889 931 1138 972 commentus,
1162 925 1263 974 prin-

71 993 170 1042 cipio
181 993 305 1030 noctis
321 992 456 1029 furtim
472 993 674 1029 succedere
688 993 736 1029 ad
750 996 902 1029 montes
917 991 1066 1029 statuit.
1099 990 1264 1027 Fallacis

70 1057 218 1094 consilii
245 1057 336 1094 talis
363 1063 572 1106 apparatus
601 1057 686 1093 fuit.
749 1057 866 1093 Faces
891 1056 1063 1105 undique
1089 1068 1136 1092 ex
1163 1055 1264 1104 agris
1282 1077 1296 1096 7

71 1121 238 1159 collectae
257 1121 452 1170 fascesque
471 1121 669 1169 virgarum
689 1125 805 1170 atque
820 1121 919 1158 aridi
938 1120 1122 1157 sarmenti
1143 1119 1264 1169 praeli-

70 1190 213 1235 gantur
245 1187 425 1223 cornibus
471 1185 599 1231 boum,
639 1198 734 1235 quos
776 1186 941 1222 domitos
978 1185 1264 1233 indomitosque

74 1250 213 1298 multos
243 1251 347 1288 inter
373 1255 539 1287 ceteram
569 1255 758 1299 agrestem
792 1251 961 1300 praedam
992 1250 1139 1299 agebat.
1200 1249 1264 1285 Ad
1283 1264 1298 1288 ε

72 1315 147 1352 duo
166 1315 289 1352 millia
301 1316 420 1353 ferme
434 1316 550 1352 boum
571 1316 717 1362 effecta,
735 1315 1050 1363 Hasdrubalique
1065 1314 1264 1364 negotium

72 1380 217 1426 datum,
252 1385 298 1417 ut
327 1385 440 1417 nocte
473 1380 511 1417 id
547 1386 766 1418 armentum
800 1380 967 1417 accensis
1001 1379 1180 1416 cornibus
1217 1379 1265 1415 ad

0 1448 222 1510 “gnontes
263 1450 402 1495 ageret,
438 1447 616 1492 maxime,
653 1446 685 1482 si
732 1449 871 1494 posset,
910 1456 1025 1494 super
1061 1443 1181 1481 saltus
1217 1443 1266 1480 ab

73 1508 183 1546 hoste
211 1509 383 1546 insessos.
442 1509 586 1547 Primis
617 1510 786 1546 tenebris
815 1509 969 1546 silentio
989 1512 1095 1544 mota
1113 1512 1264 1553 castra3
1285 1507 1333 1545 17

75 1572 190 1608 boves
210 1572 410 1620 aliquanto
430 1578 520 1610 ante
546 1574 656 1622 signa
679 1573 765 1610 acti.
825 1572 910 1610 Ubi
929 1573 977 1608 ad
996 1571 1143 1608 radices
1163 1583 1267 1606 mon·
1284 1593 1298 1608 2

75 1636 172 1672 tium
201 1636 360 1685 viasque
387 1645 570 1687 angustas
598 1642 762 1675 ventum
790 1641 857 1684 est,
891 1637 1042 1686 signum
1072 1636 1267 1685 extemplo

74 1702 198 1748 datur,
224 1706 270 1738 ut
295 1703 462 1739 accensis
492 1704 672 1740 cornibus
700 1706 876 1739 armenta
903 1702 945 1738 in
973 1702 1154 1738 adversos
1182 1713 1267 1737 con-

75 1766 244 1802 citentur
268 1770 444 1814 montes;
473 1773 512 1805 et
536 1772 664 1805 metus
691 1768 772 1817 ipse
796 1767 1005 1804 relucentis
1029 1767 1193 1803 flammae
1219 1778 1267 1802 ex

74 1830 198 1880 capite
223 1831 400 1880 calorque
425 1831 502 1868 iam
521 1833 571 1869 ad
589 1832 724 1868 vivum
745 1832 794 1868 ad
812 1831 966 1881 imaque
992 1843 1177 1867 cornuum
1206 1829 1268 1865 ad-

74 1894 232 1931 veniens
265 1895 375 1932 velut
407 1896 626 1933 stimulatos
663 1896 792 1932 furore
826 1895 964 1944 agebat
995 1895 1121 1931 boves.
1182 1893 1267 1938 Quo
1285 1911 1301 1935 3

75 1965 231 2008 repente
250 1959 434 2007 discursu,
456 1960 561 1997 haud
588 1973 696 1998 secus
724 1972 840 2010 quam
867 1959 976 1996 silvis
996 1959 1287 2007 montibusque,

74 2023 252 2070 accensis,
274 2024 404 2061 omnia
431 2025 531 2062 circa
556 2025 726 2074 virgulta
744 2024 828 2062 visa
853 2025 998 2071 ardere,
1020 2023 1268 2073 capitumque

76 2087 188 2124 irrita
215 2088 411 2137 quassatio
450 2090 624 2126 excitans
654 2089 846 2126 flammam
886 2088 1086 2125 hominum
1126 2086 1265 2136 passim

75 2151 372 2189 discurrentium
401 2153 565 2202 speciem
595 2154 800 2203 praebebat.
870 2153 949 2197 Qui
978 2152 1027 2189 ad
1058 2151 1268 2188 transitum
1286 2168 1301 2191 4

75 2215 196 2253 saltus
224 2216 470 2254 insidendum
496 2217 613 2254 locati
638 2222 760 2264 erant,
782 2217 851 2254 ubi
875 2217 918 2253 in
940 2216 1101 2253 summis
1128 2216 1267 2253 monti-

77 2281 148 2318 bus
179 2294 222 2318 ac
255 2294 370 2332 super
398 2295 438 2320 se
467 2283 653 2332 quosdam
689 2283 798 2332 ignes
835 2294 1078 2331 conspexere,
1111 2281 1269 2317 circum-
