1434 2402
168 117 216 154 232
686 113 740 147 [A
753 111 827 146 Vll

166 214 365 261 complexu
397 212 478 247 cius
510 211 720 258 exspirasse
751 209 906 252 ferunt;
947 208 1120 251 alteram,
1152 206 1213 243 cui
1248 220 1350 244 mors

169 278 232 312 lilii
267 277 357 312 falso
391 274 571 311 nuntiata
602 277 694 318 erat,
727 276 897 309 maestam
930 271 1127 308 sedentem
1155 271 1270 317 domi,
1299 270 1350 310 ad

168 341 328 388 primum
361 342 604 388 conspectum
640 337 835 373 redeuntis
868 335 939 371 filii
968 335 1109 385 gaudio
1137 335 1258 373 nimio
1285 349 1349 373 ex—

120 422 146 445 14
164 405 380 440 animatam.
439 403 622 439 Senatum
643 405 824 451 praetores
843 413 910 450 per
929 400 1009 437 dies
1027 400 1177 449 aliquot
1194 401 1244 438 ab
1263 404 1348 438 orto

163 481 281 516 usque
309 468 356 503 ad
386 467 619 504 occidentem
643 466 759 503 solem
788 465 829 500 in
857 465 963 501 curia
990 464 1172 512 retinent,
1200 465 1347 503 consul-

162 538 297 577 tantes,
315 544 480 580 quonam
495 531 591 568 duce
610 534 678 567 aut
697 529 838 579 quibus
853 529 973 578 copiis
991 529 1120 566 resisti
1132 530 1347 568 victoribus

163 597 293 633 Poenis
314 601 448 645 posset.

120 673 142 708 8
241 662 468 709 Priusquam
498 661 590 697 satis
618 663 721 696 certa
749 659 908 696 consilia
936 663 1074 704 essent,
1105 671 1243 708 repens
1270 659 1347 696 alia
1401 697 1403 699 ,

159 741 210 764 :Uul
232 748 277 764 are
298 739 419 764 followed
448 725 654 761 nuntiatur
673 723 806 769 clades,
825 726 1010 773 quattuor
1028 722 1151 760 millia
1170 723 1346 772 equitum

158 772 364 825 iiiitffe'i'lglssfvs
393 771 421 794 Οἱ
449 802 535 826 cum
553 788 591 825 C.
612 788 800 825 Centenio
818 792 1051 837 propraetore
1070 787 1187 824 missa
1205 787 1254 824 ad
1273 787 1346 824 eol-

158 855 277 903 lcgam
309 855 356 890 ab
388 853 550 890 Servilio
574 852 730 889 consule
757 851 799 887 in
828 851 1006 896 Umbria,
1033 864 1110 900 quo
1137 855 1224 900 post
1252 864 1344 901 pug-

156 932 244 955 nam
275 919 322 954 ad
361 918 669 954 Trasumennum
711 917 883 953 auditam
915 920 1139 953 averterant
1174 915 1261 962 iter,
1295 916 1345 953 ab

125 1002 138 1017 2
158 983 378 1019 Hannibale
399 983 671 1019 circumventa.
732 981 827 1018 Eius
847 981 903 1017 rei
923 981 1025 1017 fama
1044 981 1151 1017 varie
1169 979 1345 1018 homines

155 1048 289 1085 affecit.
318 1047 424 1093 Pars,
444 1046 638 1096 occupatis
653 1046 797 1083 maiore
809 1045 1043 1095 aegritudine
1055 1045 1205 1091 animis,
1219 1046 1344 1082 levem

154 1125 202 1148 cx
221 1112 505 1161 comparatione
525 1111 697 1160 priorum
713 1111 852 1147 ducere
867 1114 1062 1148 recentem
1075 1110 1253 1160 equitum
1272 1111 1344 1148 iac-

124 1194 137 1218 3
154 1181 280 1213 turam
296 1189 306 1223 3
334 1188 422 1225 pars
453 1188 531 1212 non
555 1175 607 1221 id,
629 1175 732 1224 quod
757 1175 959 1221 acciderat,
981 1188 1050 1224 per
1075 1188 1115 1212 se
1139 1176 1341 1222 aestimare,

153 1241 229 1286 sed,
252 1245 295 1276 ut
319 1241 361 1277 in
389 1240 525 1277 affecto
554 1252 709 1289 corpore
742 1240 919 1288 quamvis
949 1240 1046 1277 levis
1075 1253 1190 1277 eausa
1222 1240 1344 1289 magis

121 1328 135 1350 4
153 1318 265 1354 quam
297 1305 340 1342 in
372 1305 499 1341 valido
530 1304 684 1353 gravior
714 1305 933 1351 sentiretur,
965 1305 1021 1341 ita
1049 1308 1134 1341 tum
1167 1317 1276 1354 aegrae
1303 1310 1343 1341 et

152 1371 294 1407 affectae
307 1370 458 1406 civitati
471 1369 725 1419 quodcunque
738 1369 889 1405 adversi
904 1369 1102 1417 incideret,
1118 1382 1198 1406 non
1211 1382 1342 1406 rerum

153 1435 429 1484 magnitudine,
458 1434 524 1471 sed
551 1434 701 1470 viribus
730 1434 961 1480 extenuatis,
991 1446 1076 1483 quae
1102 1434 1214 1480 nihil,
1239 1434 1342 1483 quod

122 1521 134 1543 5
152 1503 388 1548 aggravaret,
421 1499 503 1548 pati
540 1503 705 1548 possent,
742 1499 1014 1535 aestimandum
1046 1511 1136 1536 esse.
1200 1499 1342 1549 Itaque

153 1596 185 1623 Ω.
209 1595 307 1619 Fabius
329 1594 414 1618 Maxi·
443 1564 490 1600 ad
510 1563 719 1600 remedium
740 1563 816 1599 iam
838 1563 905 1600 diu
931 1576 1056 1612 neque
1079 1563 1339 1601 desideratum

152 1626 264 1680 Jiissllaetigr
272 1625 416 1680 ἢξξθξῇξῗξ
442 1641 512 1664 nec
530 1627 758 1671 adhibitum,
772 1628 999 1665 dictatorem
1019 1628 1236 1675 dicendum,
1251 1629 1341 1666 civi-

153 1687 197 1710 ²¹¹⁰
211 1686 289 1711 crim·
444 1696 502 1729 tas
521 1693 693 1741 confugit
708 1705 718 1738 3
749 1696 788 1729 et
813 1692 906 1741 quia
932 1696 973 1729 et
997 1693 1130 1730 consul
1153 1694 1297 1740 aberat,
1318 1705 1342 1730 a

151 1770 226 1805 quo
245 1770 322 1794 uno
342 1757 417 1794 dici
436 1769 544 1806 posse
563 1757 778 1803 videbatur,
800 1770 870 1794 nec
889 1770 958 1806 per
977 1762 1203 1807 occupatam
1221 1757 1340 1796 armis

153 1821 307 1858 Punicis
337 1822 492 1858 Italiam
522 1821 635 1859 facile
664 1826 746 1858 erat
779 1826 848 1858 aut
875 1822 1061 1859 nuntium
1091 1826 1160 1859 aut
1188 1822 1340 1860 litteras

152 1886 265 1930 mitti,
305 1899 373 1923 nec
411 1886 638 1923 dictatorem
676 1886 817 1935 populo
859 1900 931 1924 non
977 1887 1146 1924 consulto
1184 1892 1340 1924 senatus

119 1964 133 1986 c,
150 1963 277 1987 creare
301 1955 463 1999 poterat,
486 1952 588 2000 quod
616 1964 815 2000 nunquam
841 1956 933 1988 ante
962 1965 1045 1988 eam
1071 1952 1171 1989 diem
1193 1951 1339 1989 factum

151 2019 242 2060 erat,
266 2014 491 2051 dictatorem
512 2016 675 2064 populus
695 2016 839 2052 creavit
860 2016 904 2061 Q.
929 2016 1095 2053 Fabium
1115 2017 1336 2054 Maximum

115 2096 128 2119 7
149 2083 187 2114 ct
215 2079 441 2127 magistrum
469 2080 643 2128 equitum
669 2080 724 2118 M.
747 2080 968 2117 Minucium
995 2081 1172 2127 Rufum3
1201 2080 1338 2130 hisque

149 2143 343 2191 negotium
371 2145 420 2180 ab
445 2149 579 2181 senatu
605 2145 751 2192 datum,
776 2149 821 2181 ut
847 2159 975 2182 muros
999 2150 1202 2195 turresque
1229 2145 1338 2182 urbis

152 2207 350 2245 firmarent
379 2212 418 2245 et
446 2209 622 2257 praesidia
651 2209 907 2258 disponerent,
940 2210 1081 2260 quibus
1113 2209 1206 2247 locis
1234 2209 1338 2248 vide-
