1403 2438
454 140 626 178 LIBER
661 140 779 180 XXI.
1155 145 1204 182 43

22 238 131 276 vobis
154 238 306 287 illisque
331 238 495 284 animus,
516 239 584 288 qui
603 239 814 276 victoribus
839 243 879 277 et
904 240 1018 278 victis
1043 254 1124 279 esse
1149 255 1204 280 so-

20 302 85 340 let.
142 302 225 339 Nec
244 315 348 339 nunc
368 302 437 349 illi,
458 304 549 352 quia
572 304 728 349 audent,
749 305 814 341 sed
841 305 931 354 quia
957 318 1108 343 necesse
1131 310 1201 353 est,
1222 321 1236 344 7

20 367 231 416 pugnaturi
263 371 380 413 sunt;
411 368 486 404 nisi
518 368 684 413 creditis,
716 369 783 417 qui
817 371 989 406 exercitu
1019 371 1204 408 ineolumi

20 443 190 480 pugnam
227 431 499 476 detrectavere,
534 443 608 477 θος,
643 431 792 468 duabus
825 433 998 481 partibus
1029 434 1202 482 peditum

18 495 272 545 equitumque
294 496 336 532 in
360 496 529 532 transitu
547 495 711 544 Alpium
735 497 896 543 amissis,
921 495 1052 548 [quum
1075 499 1202 547 plures

19 571 125 608 paene
145 559 330 608 perierint
354 572 467 608 quam
493 557 716 611 supersint‚]
737 560 822 609 plus
845 561 924 610 spei
951 567 1082 598 nactos
1107 575 1197 601 csse.

18 623 77 660 At
95 623 197 659 enim
217 624 327 672 pauci
347 623 502 672 quidem
525 628 627 670 sunt,
649 624 715 661 sed
736 624 909 673 vigentes
1217 620 1232 645 ⁸

17 687 157 724 animis
184 688 493 737 corporibusque,
515 701 678 737 quorum
704 689 842 725 robora
864 703 908 726 ae
935 671 1200 734 ilssdffiffissii‘iffloiii

17 750 119 788 vires
146 752 214 788 vix
242 752 432 788 sustinere
458 753 516 788 vis
544 752 623 788 ulla
651 752 782 801 possit.
847 753 909 790 Ef-
938 733 1072 763 ‘hemps'
1216 760 1231 785 9

16 815 123 865 figies
152 815 282 862 immo,
314 817 458 853 umbrae
483 816 695 862 hominum,
728 817 840 863 fame,
868 819 1019 868 frigore,
1050 819 1196 866 illuvie,

16 879 192 929 squalore
224 880 359 926 enecti,
391 882 542 918 contusi
572 894 615 918 ac
646 881 838 918 debilitati
870 883 974 919 inter
1009 896 1102 920 saxa
1139 897 1199 920 ru-

15 956 184 994 pesque3
218 945 267 981 ad
297 944 368 981 hoc
395 946 553 994 praeusti
583 950 700 991 artus,
740 947 831 982 nive
868 947 1036 995 rigentes
1073 948 1196 994 nervi,

15 1008 187 1044 membra
204 1008 351 1045 torrida
375 1009 474 1058 gelu,
502 1013 682 1058 quassata
706 1008 906 1058 fractaque
933 1023 1051 1054 arma,
1071 1011 1197 1048 claudi

15 1084 58 1109 ac
76 1072 220 1109 debiles
238 1072 338 1122 equi.
391 1072 489 1110 Cum
509 1073 580 1109 hoe
599 1073 740 1122 equite,
761 1085 849 1109 cum
868 1074 938 1110 hoo
959 1074 1088 1123 pedite
1106 1087 1197 1124 pug-
1216 1095 1248 1112 10

13 1136 144 1173 naturi
170 1137 288 1184 estis3
317 1137 499 1186 reliquias
525 1141 718 1174 extremas
742 1137 924 1184 hostium,
944 1151 1024 1174 non
1048 1138 1197 1175 hostem

14 1200 206 1238 habebitis
219 1214 231 1248 ς
261 1214 305 1238 ac
329 1201 429 1238 nihil
457 1202 579 1250 magis
598 1213 733 1238 vereor
759 1188 876 1250 quam
903 1215 961 1248 ne,
983 1215 1100 1252 quum
1128 1215 1197 1240 vos

13 1265 289 1315 pugnaveritis,
307 1266 431 1315 Alpes
443 1266 578 1302 vicisse
594 1265 860 1302 Hannibalem
871 1266 1087 1303 videantur.
1121 1266 1196 1304 Sed
1215 1282 1243 1300 11

13 1329 70 1366 ita
87 1329 250 1366 forsitan
264 1329 403 1375 decuit,
418 1343 504 1366 cum
519 1329 705 1366 foederum
718 1333 876 1378 ruptore
889 1330 984 1367 duce
996 1343 1039 1368 ac
1053 1331 1196 1380 populo

13 1393 102 1431 deos
121 1394 221 1443 ipsos
249 1394 331 1430 sine
354 1394 434 1431 ulla
457 1394 628 1430 humana
653 1406 724 1442 ope
749 1395 989 1431 committere
1008 1407 1051 1431 ac
1069 1395 1195 1444 profli-

11 1469 102 1507 gare
133 1458 289 1505 bellum,
319 1471 399 1504 nos,
434 1459 498 1507 qui
529 1459 739 1495 secundum
772 1458 863 1495 deos
889 1458 1026 1512 violati
1050 1472 1192 1506 sumus,

11 1521 252 1558 commissum
280 1535 323 1558 ae
345 1522 590 1571 profligatum
614 1522 813 1571 conficere.>
866 1522 960 1559 Non
978 1536 1123 1570 vereor,
1144 1536 1193 1561 ne
1211 1519 1260 1557 41

10 1585 98 1634 quis
124 1597 186 1622 me
212 1585 292 1623 haec
314 1586 434 1623 vestri
461 1586 692 1623 adhortandi
718 1599 833 1623 causa
859 1587 1059 1636 magnifice
1087 1587 1195 1637 loqui

10 1649 217 1696 existimet,
247 1650 375 1699 ipsum
402 1651 516 1687 aliter
545 1651 675 1687 animo
707 1651 887 1687 affectum
916 1663 1005 1688 esse.
1062 1651 1224 1688 Licuitz

8 1713 52 1750 in
79 1713 322 1763 Hispaniam,
353 1714 593 1764 provinciam
623 1712 760 1761 meam,
790 1727 867 1764 quo
893 1714 970 1751 iam
998 1715 1193 1765 profectus

8 1789 124 1825 eram,
157 1791 245 1816 eum
277 1780 451 1816 exercitu
478 1779 535 1816 ire
562 1792 658 1826 me0,
691 1779 760 1816 ubi
788 1782 828 1816 et
854 1779 1014 1816 fratrem
1041 1779 1192 1817 consilii

8 1842 235 1892 participem
259 1856 303 1880 ac
328 1843 490 1893 periculi
517 1843 661 1880 socium
687 1843 867 1880 haberem
898 1847 938 1880 et
966 1843 1192 1880 Hasdruba-

6 1906 83 1943 lem
98 1907 228 1956 potius
241 1920 358 1957 quam
373 1908 637 1944 Hannibalem
657 1907 806 1944 hostem
826 1911 866 1944 et
879 1907 1066 1944 minorem
1085 1906 1191 1944 haud

6 1970 123 2007 dubie
145 1971 284 2008 molem
308 1972 400 2009 belli
411 1985 424 2019 3
451 1976 593 2018 tamen,
615 1984 736 2021 quum
760 1971 1063 2021 praeterveherer
1080 1971 1191 2008 navi·
1207 1984 1222 2007 3

5 2033 78 2071 bus
111 2033 248 2072 Galliae
280 2047 396 2082 oram,
427 2036 477 2072 ad
506 2035 648 2072 famam
680 2035 796 2072 huius
827 2034 949 2071 hostis
976 2034 1019 2071 in
1045 2037 1189 2071 terram

4 2111 187 2148 egressus,
205 2100 398 2148 praemisso
412 2100 600 2149 equitatu,
616 2099 665 2136 ad
681 2099 914 2136 Rhodanum
933 2097 1038 2134 movi
1052 2102 1187 2135 castra.

5 2161 188 2212 Equestri
217 2163 362 2212 proelio,
391 2175 468 2213 qua
500 2167 610 2213 parte
639 2163 834 2212 copiarum
861 2161 1085 2199 conserendi
1111 2173 1189 2198 mae
1205 2177 1220 2201 ⁴

3 2238 99 2265 num
124 2227 282 2264 fortuna
306 2227 398 2264 data
425 2231 493 2275 est,
523 2227 674 2264 hostem
697 2226 783 2263 fudi
795 2239 807 2274 3
833 2225 1008 2276 peditum
1036 2237 1185 2275 agmen,
