<?xml version="1.0" encoding="UTF-8"?>
<!DOCTYPE html PUBLIC "-//W3C//DTD XHTML 1.0 Transitional//EN"
    "http://www.w3.org/TR/xhtml1/DTD/xhtml1-transitional.dtd">
<html xmlns="http://www.w3.org/1999/xhtml" xml:lang="en" lang="en">
 <head>
  <title>
</title>
<meta http-equiv="Content-Type" content="text/html;charset=utf-8" />
  <meta name='ocr-system' content='tesseract 3.04.00' />
  <meta name='ocr-capabilities' content='ocr_page ocr_carea ocr_par ocr_line ocrx_word'/>
</head>
<body>
  <div class='ocr_page' id='page_1' title='image "./booksxxixxiihann00livyuoft_0210.png"; bbox 0 0 1434 2402; ppageno 0'>
   <div class='ocr_carea' id='block_1_1' title="bbox 154 117 823 163">
    <p class='ocr_par' dir='ltr' id='par_1_1' title="bbox 154 117 823 163">
     <span class='ocr_line' id='line_1_1' title="bbox 154 117 823 163; baseline -0.015 0"><span class='ocrx_word' id='word_1_1' title='bbox 154 125 230 163; x_wconf 86' lang='lat'><strong>144</strong></span> <span class='ocrx_word' id='word_1_2' title='bbox 674 117 823 155; x_wconf 82' lang='lat' dir='ltr'><em>LIVII</em></span> 
     </span>
    </p>
   </div>
   <div class='ocr_carea' id='block_1_2' title="bbox 119 214 1343 272">
    <p class='ocr_par' dir='ltr' id='par_1_2' title="bbox 119 214 1343 272">
     <span class='ocr_line' id='line_1_2' title="bbox 119 214 1343 272; baseline -0.008 -11"><span class='ocrx_word' id='word_1_3' title='bbox 119 245 133 269; x_wconf 84' lang='lat'>5</span> <span class='ocrx_word' id='word_1_4' title='bbox 153 222 305 272; x_wconf 83' lang='lat' dir='ltr'><strong>praediis</strong></span> <span class='ocrx_word' id='word_1_5' title='bbox 334 218 546 258; x_wconf 76' lang='lat' dir='ltr'><strong>cavendum</strong></span> <span class='ocrx_word' id='word_1_6' title='bbox 578 216 718 265; x_wconf 87' lang='lat' dir='ltr'><strong>populo</strong></span> <span class='ocrx_word' id='word_1_7' title='bbox 748 218 959 260; x_wconf 84' lang='lat' dir='ltr'><strong>censerent,</strong></span> <span class='ocrx_word' id='word_1_8' title='bbox 987 218 1073 251; x_wconf 89' lang='lat' dir='ltr'><strong>tum</strong></span> <span class='ocrx_word' id='word_1_9' title='bbox 1101 214 1140 251; x_wconf 89' lang='grc' dir='ltr'><strong>Τ.</strong></span> <span class='ocrx_word' id='word_1_10' title='bbox 1168 214 1343 252; x_wconf 85' lang='lat' dir='ltr'><strong>Manlius</strong></span> 
     </span>
    </p>
   </div>
   <div class='ocr_carea' id='block_1_3' title="bbox 152 278 1343 331">
    <p class='ocr_par' dir='ltr' id='par_1_3' title="bbox 152 278 1343 331">
     <span class='ocr_line' id='line_1_3' title="bbox 152 278 1343 331; baseline -0.004 -11"><span class='ocrx_word' id='word_1_11' title='bbox 152 307 209 331; x_wconf 83' lang='lat' dir='ltr'><strong>But</strong></span> <span class='ocrx_word' id='word_1_12' title='bbox 233 305 262 329; x_wconf 85' lang='lat' dir='ltr'><strong>T.</strong></span> <span class='ocrx_word' id='word_1_13' title='bbox 295 302 414 327; x_wconf 72' lang='lat' dir='ltr'><strong>Manlius</strong></span> <span class='ocrx_word' id='word_1_14' title='bbox 442 282 669 329; x_wconf 70' lang='lat' dir='ltr'><strong>Torquatus,</strong></span> <span class='ocrx_word' id='word_1_15' title='bbox 687 280 818 329; x_wconf 77' lang='lat' dir='ltr'><strong>priscae</strong></span> <span class='ocrx_word' id='word_1_16' title='bbox 834 291 876 314; x_wconf 81' lang='lat' dir='ltr'><strong>ac</strong></span> <span class='ocrx_word' id='word_1_17' title='bbox 889 278 1004 314; x_wconf 87' lang='lat' dir='ltr'><strong>nimis</strong></span> <span class='ocrx_word' id='word_1_18' title='bbox 1017 278 1134 324; x_wconf 68' lang='lat' dir='ltr'><strong>durae,</strong></span> <span class='ocrx_word' id='word_1_19' title='bbox 1153 282 1197 314; x_wconf 87' lang='lat' dir='ltr'><strong>ut</strong></span> <span class='ocrx_word' id='word_1_20' title='bbox 1212 278 1343 327; x_wconf 86' lang='lat' dir='ltr'><strong>pleris-</strong></span> 
     </span>
    </p>
   </div>
   <div class='ocr_carea' id='block_1_4' title="bbox 151 337 1344 394">
    <p class='ocr_par' dir='ltr' id='par_1_4' title="bbox 151 337 1344 394">
     <span class='ocr_line' id='line_1_4' title="bbox 151 337 1344 394; baseline -0.009 -3"><span class='ocrx_word' id='word_1_21' title='bbox 151 337 414 393; x_wconf 55' lang='lat' dir='ltr'><strong>2T2‘}{‡¹¹?2²}‘213552{l{31</strong></span> <span class='ocrx_word' id='word_1_22' title='bbox 443 359 515 394; x_wconf 85' lang='lat' dir='ltr'><strong>que</strong></span> <span class='ocrx_word' id='word_1_23' title='bbox 553 345 767 390; x_wconf 80' lang='lat' dir='ltr'><strong>videbatur,</strong></span> <span class='ocrx_word' id='word_1_24' title='bbox 814 342 1043 388; x_wconf 80' lang='lat' dir='ltr'><strong>severitatis,</strong></span> <span class='ocrx_word' id='word_1_25' title='bbox 1083 343 1344 391; x_wconf 82' lang='lat' dir='ltr'><strong>interrogatus</strong></span> 
     </span>
    </p>
   </div>
   <div class='ocr_carea' id='block_1_5' title="bbox 118 393 1345 455">
    <p class='ocr_par' dir='ltr' id='par_1_5' title="bbox 118 393 1345 455">
     <span class='ocr_line' id='line_1_5' title="bbox 152 393 1150 431; baseline -0.008 -12"><span class='ocrx_word' id='word_1_26' title='bbox 152 396 255 425; x_wconf 75' lang='lat' dir='ltr'><strong>sowing</strong></span> <span class='ocrx_word' id='word_1_27' title='bbox 277 401 337 418; x_wconf 73' lang='lat' dir='ltr'><strong>men</strong></span> <span class='ocrx_word' id='word_1_28' title='bbox 354 393 413 416; x_wconf 79' lang='lat' dir='ltr'><strong>who</strong></span> <span class='ocrx_word' id='word_1_29' title='bbox 601 409 619 431; x_wconf 46' lang='grc'><strong>.“</strong></span> <span class='ocrx_word' id='word_1_30' title='bbox 698 409 705 415; x_wconf 89' lang='grc'><strong>.</strong></span> <span class='ocrx_word' id='word_1_31' title='bbox 731 424 735 431; x_wconf 40' lang='lat'>¹</span> <span class='ocrx_word' id='word_1_32' title='bbox 990 420 998 427; x_wconf 40' lang='grc'><em>’</em></span> <span class='ocrx_word' id='word_1_33' title='bbox 1058 419 1084 427; x_wconf 87' lang='lat'><strong>..</strong></span> <span class='ocrx_word' id='word_1_34' title='bbox 1143 407 1150 413; x_wconf 92' lang='lat'>.</span> 
     </span>
     <span class='ocr_line' id='line_1_6' title="bbox 118 406 1345 455; baseline -0.007 -5"><span class='ocrx_word' id='word_1_35' title='bbox 118 431 134 455; x_wconf 78' lang='lat'><strong>6</strong></span> <span class='ocrx_word' id='word_1_36' title='bbox 153 426 205 450; x_wconf 72' lang='lat' dir='ltr'><strong>naa</strong></span> <span class='ocrx_word' id='word_1_37' title='bbox 246 431 276 449; x_wconf 78' lang='lat' dir='ltr'><strong>so</strong></span> <span class='ocrx_word' id='word_1_38' title='bbox 312 423 413 452; x_wconf 75' lang='lat' dir='ltr'><strong>tamely</strong></span> <span class='ocrx_word' id='word_1_39' title='bbox 442 413 675 447; x_wconf 68' lang='lat' dir='ltr'><strong>sententiam</strong></span> <span class='ocrx_word' id='word_1_40' title='bbox 696 413 751 444; x_wconf 70' lang='lat' dir='ltr'><strong>ita.</strong></span> <span class='ocrx_word' id='word_1_41' title='bbox 771 407 921 444; x_wconf 90' lang='lat' dir='ltr'><strong>locutus</strong></span> <span class='ocrx_word' id='word_1_42' title='bbox 940 407 1060 442; x_wconf 68' lang='lat' dir='ltr'><strong>semu</strong></span> <span class='ocrx_word' id='word_1_43' title='bbox 1078 435 1085 443; x_wconf 91' lang='lat'><em>.</em></span> <span class='ocrx_word' id='word_1_44' title='bbox 1112 406 1154 443; x_wconf 65' lang='lat' dir='ltr'><strong>Si</strong></span> <span class='ocrx_word' id='word_1_45' title='bbox 1174 410 1345 443; x_wconf 81' lang='lat' dir='ltr'><strong>tantum-</strong></span> 
     </span>
    </p>
   </div>
   <div class='ocr_carea' id='block_1_6' title="bbox 101 454 1346 2250">
    <p class='ocr_par' dir='ltr' id='par_1_6' title="bbox 101 454 1346 2250">
     <span class='ocr_line' id='line_1_7' title="bbox 152 454 1312 481; baseline -0.003 0"><span class='ocrx_word' id='word_1_46' title='bbox 152 454 413 481; x_wconf 69' lang='lat' dir='ltr'><strong>surrenderodwuen</strong></span> <span class='ocrx_word' id='word_1_47' title='bbox 980 470 987 478; x_wconf 90' lang='lat'><strong><em>.</em></strong></span> <span class='ocrx_word' id='word_1_48' title='bbox 1119 470 1142 477; x_wconf 89' lang='lat'><strong>..</strong></span> <span class='ocrx_word' id='word_1_49' title='bbox 1263 470 1271 478; x_wconf 88' lang='lat'>.</span> <span class='ocrx_word' id='word_1_50' title='bbox 1304 470 1312 478; x_wconf 87' lang='lat'>.</span> 
     </span>
     <span class='ocr_line' id='line_1_8' title="bbox 151 471 1344 522; baseline -0.005 -10"><span class='ocrx_word' id='word_1_51' title='bbox 151 487 244 511; x_wconf 79' lang='lat' dir='ltr'><strong>others</strong></span> <span class='ocrx_word' id='word_1_52' title='bbox 271 486 318 509; x_wconf 76' lang='lat' dir='ltr'><strong>cut</strong></span> <span class='ocrx_word' id='word_1_53' title='bbox 344 484 414 507; x_wconf 72' lang='lat' dir='ltr'><strong>their</strong></span> <span class='ocrx_word' id='word_1_54' title='bbox 442 474 555 510; x_wconf 91' lang='lat' dir='ltr'><strong>modo</strong></span> <span class='ocrx_word' id='word_1_55' title='bbox 585 473 842 522; x_wconf 71' lang='lat' dir='ltr'>postulassent</span> <span class='ocrx_word' id='word_1_56' title='bbox 874 471 992 519; x_wconf 80' lang='lat' dir='ltr'><strong>legati</strong></span> <span class='ocrx_word' id='word_1_57' title='bbox 1019 483 1089 519; x_wconf 88' lang='lat' dir='ltr'><strong>pro</strong></span> <span class='ocrx_word' id='word_1_58' title='bbox 1116 483 1176 517; x_wconf 81' lang='lat' dir='ltr'><strong>us,</strong></span> <span class='ocrx_word' id='word_1_59' title='bbox 1207 483 1274 520; x_wconf 83' lang='lat' dir='ltr'><strong>qm</strong></span> <span class='ocrx_word' id='word_1_60' title='bbox 1301 483 1344 507; x_wconf 87' lang='lat' dir='ltr'><strong>m</strong></span> 
     </span>
     <span class='ocr_line' id='line_1_9' title="bbox 151 514 1340 584; baseline 0 -12"><span class='ocrx_word' id='word_1_61' title='bbox 151 518 286 577; x_wconf 48' lang='grc' dir='ltr'><strong>Σέἔιρῗω</strong></span> <span class='ocrx_word' id='word_1_62' title='bbox 314 514 343 539; x_wconf 51' lang='lat'><strong>⁰5</strong></span> <span class='ocrx_word' id='word_1_63' title='bbox 369 514 414 538; x_wconf 78' lang='lat' dir='ltr'><strong>me</strong></span> <span class='ocrx_word' id='word_1_64' title='bbox 444 537 616 573; x_wconf 80' lang='lat' dir='ltr'><strong>hostium</strong></span> <span class='ocrx_word' id='word_1_65' title='bbox 643 541 835 584; x_wconf 78' lang='lat' dir='ltr'><strong>potestate</strong></span> <span class='ocrx_word' id='word_1_66' title='bbox 859 540 962 581; x_wconf 87' lang='lat' dir='ltr'><strong>sunt,</strong></span> <span class='ocrx_word' id='word_1_67' title='bbox 984 540 1029 571; x_wconf 90' lang='lat' dir='ltr'><strong>ut</strong></span> <span class='ocrx_word' id='word_1_68' title='bbox 1048 535 1340 582; x_wconf 76' lang='lat' dir='ltr'><strong>redimerentur,</strong></span> 
     </span>
     <span class='ocr_line' id='line_1_10' title="bbox 151 600 1345 648; baseline -0.006 -6"><span class='ocrx_word' id='word_1_69' title='bbox 151 606 235 642; x_wconf 89' lang='lat' dir='ltr'><strong>sine</strong></span> <span class='ocrx_word' id='word_1_70' title='bbox 262 604 379 641; x_wconf 85' lang='lat' dir='ltr'><strong>ullius</strong></span> <span class='ocrx_word' id='word_1_71' title='bbox 404 600 657 638; x_wconf 75' lang='lat' dir='ltr'><strong>insectatione</strong></span> <span class='ocrx_word' id='word_1_72' title='bbox 685 613 818 636; x_wconf 81' lang='lat' dir='ltr'><strong>eorum</strong></span> <span class='ocrx_word' id='word_1_73' title='bbox 846 600 954 636; x_wconf 90' lang='lat' dir='ltr'><strong>brevi</strong></span> <span class='ocrx_word' id='word_1_74' title='bbox 981 600 1213 636; x_wconf 75' lang='lat' dir='ltr'><strong>sententiam</strong></span> <span class='ocrx_word' id='word_1_75' title='bbox 1242 612 1345 648; x_wconf 84' lang='lat' dir='ltr'><strong>pere-</strong></span> 
     </span>
     <span class='ocr_line' id='line_1_11' title="bbox 119 663 1346 719; baseline -0.006 -13"><span class='ocrx_word' id='word_1_76' title='bbox 119 683 134 708; x_wconf 90' lang='lat'><strong>7</strong></span> <span class='ocrx_word' id='word_1_77' title='bbox 151 670 314 719; x_wconf 80' lang='lat' dir='ltr'><strong>gissem3</strong></span> <span class='ocrx_word' id='word_1_78' title='bbox 343 667 438 716; x_wconf 89' lang='lat' dir='ltr'><strong>quid</strong></span> <span class='ocrx_word' id='word_1_79' title='bbox 466 665 569 701; x_wconf 86' lang='lat' dir='ltr'><strong>enim</strong></span> <span class='ocrx_word' id='word_1_80' title='bbox 596 664 701 700; x_wconf 76' lang='lat' dir='ltr'><strong>aliud</strong></span> <span class='ocrx_word' id='word_1_81' title='bbox 731 677 847 712; x_wconf 82' lang='lat' dir='ltr'><strong>quam</strong></span> <span class='ocrx_word' id='word_1_82' title='bbox 875 663 1109 700; x_wconf 80' lang='lat' dir='ltr'><strong>admonendi</strong></span> <span class='ocrx_word' id='word_1_83' title='bbox 1133 663 1277 710; x_wconf 89' lang='lat' dir='ltr'><strong>essetis,</strong></span> <span class='ocrx_word' id='word_1_84' title='bbox 1299 666 1346 700; x_wconf 86' lang='lat' dir='ltr'><strong>ut</strong></span> 
     </span>
     <span class='ocr_line' id='line_1_12' title="bbox 152 726 1346 776; baseline -0.008 -6"><span class='ocrx_word' id='word_1_85' title='bbox 152 745 298 769; x_wconf 85' lang='lat' dir='ltr'><strong>morem</strong></span> <span class='ocrx_word' id='word_1_86' title='bbox 331 730 519 767; x_wconf 84' lang='lat' dir='ltr'><strong>traditum</strong></span> <span class='ocrx_word' id='word_1_87' title='bbox 553 741 575 764; x_wconf 88' lang='lat' dir='ltr'>a</span> <span class='ocrx_word' id='word_1_88' title='bbox 608 728 784 776; x_wconf 80' lang='lat' dir='ltr'><strong>patribus</strong></span> <span class='ocrx_word' id='word_1_89' title='bbox 815 726 1027 763; x_wconf 76' lang='lat' dir='ltr'><strong>necessario</strong></span> <span class='ocrx_word' id='word_1_90' title='bbox 1053 726 1102 762; x_wconf 85' lang='lat' dir='ltr'><strong>ad</strong></span> <span class='ocrx_word' id='word_1_91' title='bbox 1133 739 1214 762; x_wconf 89' lang='lat' dir='ltr'><strong>rem</strong></span> <span class='ocrx_word' id='word_1_92' title='bbox 1246 726 1346 762; x_wconf 89' lang='lat' dir='ltr'><strong>mili-</strong></span> 
     </span>
     <span class='ocr_line' id='line_1_13' title="bbox 152 791 1345 844; baseline -0.007 -8"><span class='ocrx_word' id='word_1_93' title='bbox 152 803 275 836; x_wconf 82' lang='lat' dir='ltr'><strong>tarem</strong></span> <span class='ocrx_word' id='word_1_94' title='bbox 295 795 472 844; x_wconf 84' lang='lat' dir='ltr'><strong>exemplo</strong></span> <span class='ocrx_word' id='word_1_95' title='bbox 497 792 727 830; x_wconf 74' lang='lat' dir='ltr'><strong>servaretis2</strong></span> <span class='ocrx_word' id='word_1_96' title='bbox 782 791 821 827; x_wconf 87' lang='lat' dir='ltr'>N</span> <span class='ocrx_word' id='word_1_97' title='bbox 827 804 899 827; x_wconf 89' lang='lat' dir='ltr'><strong>unc</strong></span> <span class='ocrx_word' id='word_1_98' title='bbox 919 795 1060 836; x_wconf 84' lang='lat' dir='ltr'><strong>autem,</strong></span> <span class='ocrx_word' id='word_1_99' title='bbox 1082 804 1200 840; x_wconf 88' lang='lat' dir='ltr'><strong>quum</strong></span> <span class='ocrx_word' id='word_1_100' title='bbox 1228 804 1345 840; x_wconf 85' lang='lat' dir='ltr'><strong>prope</strong></span> 
     </span>
     <span class='ocr_line' id='line_1_14' title="bbox 152 855 1345 911; baseline -0.005 -13"><span class='ocrx_word' id='word_1_101' title='bbox 152 860 308 911; x_wconf 83' lang='lat' dir='ltr'><strong>gloriati</strong></span> <span class='ocrx_word' id='word_1_102' title='bbox 333 859 422 904; x_wconf 89' lang='lat' dir='ltr'><strong>sint,</strong></span> <span class='ocrx_word' id='word_1_103' title='bbox 445 857 548 906; x_wconf 91' lang='lat' dir='ltr'><strong>quod</strong></span> <span class='ocrx_word' id='word_1_104' title='bbox 573 869 613 892; x_wconf 91' lang='lat' dir='ltr'><strong>se</strong></span> <span class='ocrx_word' id='word_1_105' title='bbox 638 855 814 892; x_wconf 84' lang='lat' dir='ltr'><strong>hostibus</strong></span> <span class='ocrx_word' id='word_1_106' title='bbox 843 855 1071 902; x_wconf 68' lang='lat' dir='ltr'><strong>dediderint,</strong></span> <span class='ocrx_word' id='word_1_107' title='bbox 1097 855 1345 905; x_wconf 85' lang='lat' dir='ltr'><strong>praeferrique</strong></span> 
     </span>
     <span class='ocr_line' id='line_1_15' title="bbox 151 919 1342 972; baseline -0.006 -9"><span class='ocrx_word' id='word_1_108' title='bbox 151 939 188 963; x_wconf 77' lang='lat' dir='ltr'><strong>se</strong></span> <span class='ocrx_word' id='word_1_109' title='bbox 207 937 284 961; x_wconf 90' lang='lat' dir='ltr'><strong>non</strong></span> <span class='ocrx_word' id='word_1_110' title='bbox 309 921 430 972; x_wconf 87' lang='lat' dir='ltr'><strong>captis</strong></span> <span class='ocrx_word' id='word_1_111' title='bbox 456 920 569 957; x_wconf 87' lang='lat' dir='ltr'><strong>modo</strong></span> <span class='ocrx_word' id='word_1_112' title='bbox 595 920 636 956; x_wconf 85' lang='lat' dir='ltr'><strong>in</strong></span> <span class='ocrx_word' id='word_1_113' title='bbox 661 919 740 956; x_wconf 79' lang='lat' dir='ltr'><strong>acie</strong></span> <span class='ocrx_word' id='word_1_114' title='bbox 766 919 813 955; x_wconf 76' lang='lat' dir='ltr'><strong>ab</strong></span> <span class='ocrx_word' id='word_1_115' title='bbox 839 919 1026 964; x_wconf 79' lang='lat' dir='ltr'><strong>hostibus,</strong></span> <span class='ocrx_word' id='word_1_116' title='bbox 1048 919 1114 955; x_wconf 86' lang='lat' dir='ltr'><strong>sed</strong></span> <span class='ocrx_word' id='word_1_117' title='bbox 1140 919 1258 956; x_wconf 85' lang='lat' dir='ltr'><strong>etiam</strong></span> <span class='ocrx_word' id='word_1_118' title='bbox 1283 919 1342 966; x_wconf 81' lang='lat' dir='ltr'><strong>iis,</strong></span> 
     </span>
     <span class='ocr_line' id='line_1_16' title="bbox 153 984 1345 1038; baseline -0.003 -13"><span class='ocrx_word' id='word_1_119' title='bbox 153 989 220 1038; x_wconf 89' lang='lat' dir='ltr'><strong>qui</strong></span> <span class='ocrx_word' id='word_1_120' title='bbox 248 986 466 1024; x_wconf 82' lang='lat' dir='ltr'><strong>Venusiam</strong></span> <span class='ocrx_word' id='word_1_121' title='bbox 499 984 788 1033; x_wconf 84' lang='lat' dir='ltr'><strong>Canusiumque</strong></span> <span class='ocrx_word' id='word_1_122' title='bbox 821 987 1095 1033; x_wconf 84' lang='lat' dir='ltr'><strong>pervenerunt,</strong></span> <span class='ocrx_word' id='word_1_123' title='bbox 1126 988 1242 1033; x_wconf 80' lang='lat' dir='ltr'><strong>atque</strong></span> <span class='ocrx_word' id='word_1_124' title='bbox 1270 984 1345 1034; x_wconf 88' lang='lat' dir='ltr'><strong>ipsi</strong></span> 
     </span>
     <span class='ocr_line' id='line_1_17' title="bbox 153 1048 1342 1098; baseline -0.005 -8"><span class='ocrx_word' id='word_1_125' title='bbox 153 1054 193 1090; x_wconf 81' lang='lat' dir='ltr'><strong>O.</strong></span> <span class='ocrx_word' id='word_1_126' title='bbox 210 1052 391 1089; x_wconf 87' lang='lat' dir='ltr'><strong>Terentio</strong></span> <span class='ocrx_word' id='word_1_127' title='bbox 411 1050 558 1087; x_wconf 88' lang='lat' dir='ltr'><strong>consuli</strong></span> <span class='ocrx_word' id='word_1_128' title='bbox 574 1062 727 1098; x_wconf 87' lang='lat' dir='ltr'><strong>aequum</strong></span> <span class='ocrx_word' id='word_1_129' title='bbox 747 1049 978 1095; x_wconf 75' lang='lat' dir='ltr'><strong>censuerint,</strong></span> <span class='ocrx_word' id='word_1_130' title='bbox 992 1048 1091 1084; x_wconf 86' lang='lat' dir='ltr'><strong>nihil</strong></span> <span class='ocrx_word' id='word_1_131' title='bbox 1112 1061 1179 1085; x_wconf 87' lang='lat' dir='ltr'><strong>vos</strong></span> <span class='ocrx_word' id='word_1_132' title='bbox 1199 1061 1342 1096; x_wconf 88' lang='lat' dir='ltr'><strong>eorum,</strong></span> 
     </span>
     <span class='ocr_line' id='line_1_18' title="bbox 153 1113 1342 1167; baseline -0.003 -13"><span class='ocrx_word' id='word_1_133' title='bbox 153 1122 281 1167; x_wconf 81' lang='lat' dir='ltr'><strong>patres</strong></span> <span class='ocrx_word' id='word_1_134' title='bbox 307 1115 524 1164; x_wconf 71' lang='lat' dir='ltr'><strong>conscripti,</strong></span> <span class='ocrx_word' id='word_1_135' title='bbox 546 1127 630 1164; x_wconf 86' lang='lat' dir='ltr'><strong>quae</strong></span> <span class='ocrx_word' id='word_1_136' title='bbox 657 1114 736 1150; x_wconf 90' lang='lat' dir='ltr'><strong>illic</strong></span> <span class='ocrx_word' id='word_1_137' title='bbox 758 1117 844 1150; x_wconf 80' lang='lat' dir='ltr'><strong>acta</strong></span> <span class='ocrx_word' id='word_1_138' title='bbox 872 1117 974 1160; x_wconf 87' lang='lat' dir='ltr'><strong>sunt,</strong></span> <span class='ocrx_word' id='word_1_139' title='bbox 1000 1113 1177 1162; x_wconf 82' lang='lat' dir='ltr'><strong>ignorare</strong></span> <span class='ocrx_word' id='word_1_140' title='bbox 1204 1113 1342 1162; x_wconf 82' lang='lat' dir='ltr'><strong>patiar.</strong></span> 
     </span>
     <span class='ocr_line' id='line_1_19' title="bbox 120 1177 1344 1229; baseline -0.002 -12"><span class='ocrx_word' id='word_1_141' title='bbox 120 1188 134 1212; x_wconf 83' lang='lat'>8</span> <span class='ocrx_word' id='word_1_142' title='bbox 153 1181 287 1229; x_wconf 90' lang='lat' dir='ltr'><strong>Atque</strong></span> <span class='ocrx_word' id='word_1_143' title='bbox 307 1179 459 1215; x_wconf 81' lang='lat' dir='ltr'><strong>utinam</strong></span> <span class='ocrx_word' id='word_1_144' title='bbox 478 1178 568 1223; x_wconf 80' lang='lat' dir='ltr'><strong>haec,</strong></span> <span class='ocrx_word' id='word_1_145' title='bbox 586 1190 669 1226; x_wconf 83' lang='lat' dir='ltr'><strong>quae</strong></span> <span class='ocrx_word' id='word_1_146' title='bbox 689 1177 789 1225; x_wconf 79' lang='lat' dir='ltr'><strong>apud</strong></span> <span class='ocrx_word' id='word_1_147' title='bbox 812 1190 879 1213; x_wconf 87' lang='lat' dir='ltr'><strong>vos</strong></span> <span class='ocrx_word' id='word_1_148' title='bbox 899 1181 1053 1213; x_wconf 83' lang='lat' dir='ltr'><strong>acturus</strong></span> <span class='ocrx_word' id='word_1_149' title='bbox 1069 1191 1166 1224; x_wconf 85' lang='lat' dir='ltr'><strong>sum,</strong></span> <span class='ocrx_word' id='word_1_150' title='bbox 1185 1177 1344 1215; x_wconf 79' lang='lat' dir='ltr'><strong>Canusii</strong></span> 
     </span>
     <span class='ocr_line' id='line_1_20' title="bbox 152 1242 1344 1294; baseline -0.002 -13"><span class='ocrx_word' id='word_1_151' title='bbox 152 1245 255 1294; x_wconf 79' lang='lat' dir='ltr'><strong>apud</strong></span> <span class='ocrx_word' id='word_1_152' title='bbox 278 1244 406 1293; x_wconf 87' lang='lat' dir='ltr'><strong>ipsum</strong></span> <span class='ocrx_word' id='word_1_153' title='bbox 432 1242 644 1279; x_wconf 84' lang='lat' dir='ltr'><strong>exercitum</strong></span> <span class='ocrx_word' id='word_1_154' title='bbox 672 1255 833 1291; x_wconf 79' lang='lat' dir='ltr'><strong>agerem,</strong></span> <span class='ocrx_word' id='word_1_155' title='bbox 856 1242 1046 1290; x_wconf 89' lang='lat' dir='ltr'><strong>optimum</strong></span> <span class='ocrx_word' id='word_1_156' title='bbox 1075 1246 1211 1279; x_wconf 87' lang='lat' dir='ltr'><strong>testem</strong></span> <span class='ocrx_word' id='word_1_157' title='bbox 1240 1242 1344 1292; x_wconf 69' lang='lat' dir='ltr'><strong>igna-</strong></span> 
     </span>
     <span class='ocr_line' id='line_1_21' title="bbox 153 1306 1344 1356; baseline -0.001 -11"><span class='ocrx_word' id='word_1_158' title='bbox 153 1309 224 1345; x_wconf 82' lang='lat' dir='ltr'><strong>viae</strong></span> <span class='ocrx_word' id='word_1_159' title='bbox 252 1308 436 1356; x_wconf 85' lang='lat' dir='ltr'><strong>cuiusque</strong></span> <span class='ocrx_word' id='word_1_160' title='bbox 466 1312 504 1343; x_wconf 88' lang='lat' dir='ltr'><strong>et</strong></span> <span class='ocrx_word' id='word_1_161' title='bbox 524 1306 693 1352; x_wconf 88' lang='lat' dir='ltr'><strong>virtutis,</strong></span> <span class='ocrx_word' id='word_1_162' title='bbox 716 1311 784 1343; x_wconf 78' lang='lat' dir='ltr'><strong>aut</strong></span> <span class='ocrx_word' id='word_1_163' title='bbox 813 1320 912 1343; x_wconf 84' lang='lat' dir='ltr'><strong>unus</strong></span> <span class='ocrx_word' id='word_1_164' title='bbox 941 1307 1003 1344; x_wconf 86' lang='lat' dir='ltr'><strong>hic</strong></span> <span class='ocrx_word' id='word_1_165' title='bbox 1031 1307 1168 1344; x_wconf 83' lang='lat' dir='ltr'><strong>saltem</strong></span> <span class='ocrx_word' id='word_1_166' title='bbox 1196 1307 1344 1345; x_wconf 75' lang='lat' dir='ltr'><strong>adesset</strong></span> 
     </span>
     <span class='ocr_line' id='line_1_22' title="bbox 153 1370 1344 1419; baseline 0 -10"><span class='ocrx_word' id='word_1_167' title='bbox 153 1372 194 1409; x_wconf 89' lang='lat' dir='ltr'><strong>P.</strong></span> <span class='ocrx_word' id='word_1_168' title='bbox 212 1370 473 1419; x_wconf 82' lang='lat' dir='ltr'><strong>Sempronius,</strong></span> <span class='ocrx_word' id='word_1_169' title='bbox 487 1382 600 1418; x_wconf 89' lang='lat' dir='ltr'><strong>quem</strong></span> <span class='ocrx_word' id='word_1_170' title='bbox 621 1370 654 1406; x_wconf 91' lang='lat' dir='ltr'><strong>si</strong></span> <span class='ocrx_word' id='word_1_171' title='bbox 673 1370 739 1406; x_wconf 87' lang='lat' dir='ltr'><strong>isti</strong></span> <span class='ocrx_word' id='word_1_172' title='bbox 759 1370 894 1406; x_wconf 86' lang='lat' dir='ltr'><strong>ducem</strong></span> <span class='ocrx_word' id='word_1_173' title='bbox 914 1370 1034 1407; x_wconf 85' lang='lat' dir='ltr'><strong>secuti</strong></span> <span class='ocrx_word' id='word_1_174' title='bbox 1050 1374 1186 1417; x_wconf 89' lang='lat' dir='ltr'><strong>essent,</strong></span> <span class='ocrx_word' id='word_1_175' title='bbox 1201 1371 1344 1409; x_wconf 82' lang='lat' dir='ltr'><strong>milites</strong></span> 
     </span>
     <span class='ocr_line' id='line_1_23' title="bbox 151 1433 1344 1484; baseline 0.002 -13"><span class='ocrx_word' id='word_1_176' title='bbox 151 1434 264 1472; x_wconf 88' lang='lat' dir='ltr'><strong>hodie</strong></span> <span class='ocrx_word' id='word_1_177' title='bbox 285 1435 327 1471; x_wconf 91' lang='lat' dir='ltr'><strong>in</strong></span> <span class='ocrx_word' id='word_1_178' title='bbox 347 1435 481 1471; x_wconf 81' lang='lat' dir='ltr'><strong>castris</strong></span> <span class='ocrx_word' id='word_1_179' title='bbox 502 1433 698 1479; x_wconf 75' lang='lat' dir='ltr'><strong>Romanis,</strong></span> <span class='ocrx_word' id='word_1_180' title='bbox 715 1447 791 1470; x_wconf 88' lang='lat' dir='ltr'><strong>non</strong></span> <span class='ocrx_word' id='word_1_181' title='bbox 812 1433 956 1483; x_wconf 85' lang='lat' dir='ltr'><strong>captivi</strong></span> <span class='ocrx_word' id='word_1_182' title='bbox 976 1434 1017 1470; x_wconf 88' lang='lat' dir='ltr'><strong>in</strong></span> <span class='ocrx_word' id='word_1_183' title='bbox 1036 1433 1206 1471; x_wconf 87' lang='lat' dir='ltr'><strong>hostium</strong></span> <span class='ocrx_word' id='word_1_184' title='bbox 1221 1439 1344 1484; x_wconf 84' lang='lat' dir='ltr'><strong>potes-</strong></span> 
     </span>
     <span class='ocr_line' id='line_1_24' title="bbox 117 1497 1343 1546; baseline -0.001 -11"><span class='ocrx_word' id='word_1_185' title='bbox 117 1514 134 1538; x_wconf 92' lang='lat'>9</span> <span class='ocrx_word' id='word_1_186' title='bbox 152 1502 232 1535; x_wconf 83' lang='lat' dir='ltr'><strong>tate</strong></span> <span class='ocrx_word' id='word_1_187' title='bbox 254 1502 391 1535; x_wconf 86' lang='lat' dir='ltr'><strong>essent.</strong></span> <span class='ocrx_word' id='word_1_188' title='bbox 449 1497 524 1534; x_wconf 81' lang='lat' dir='ltr'><strong>Sed</strong></span> <span class='ocrx_word' id='word_1_189' title='bbox 545 1510 677 1546; x_wconf 85' lang='lat' dir='ltr'><strong>quum,</strong></span> <span class='ocrx_word' id='word_1_190' title='bbox 699 1497 808 1532; x_wconf 86' lang='lat' dir='ltr'><strong>sessis</strong></span> <span class='ocrx_word' id='word_1_191' title='bbox 828 1497 1035 1545; x_wconf 76' lang='lat' dir='ltr'><strong>pugnando</strong></span> <span class='ocrx_word' id='word_1_192' title='bbox 1055 1497 1240 1544; x_wconf 47' lang='lat' dir='ltr'><strong>hostibus</strong></span> <span class='ocrx_word' id='word_1_193' title='bbox 1257 1501 1343 1535; x_wconf 89' lang='lat' dir='ltr'><strong>tum</strong></span> 
     </span>
     <span class='ocr_line' id='line_1_25' title="bbox 152 1559 1340 1609; baseline 0.002 -12"><span class='ocrx_word' id='word_1_194' title='bbox 152 1561 314 1599; x_wconf 82' lang='lat' dir='ltr'><strong>victoria</strong></span> <span class='ocrx_word' id='word_1_195' title='bbox 340 1561 440 1598; x_wconf 88' lang='lat' dir='ltr'><strong>laetis</strong></span> <span class='ocrx_word' id='word_1_196' title='bbox 460 1564 499 1597; x_wconf 89' lang='lat' dir='ltr'><strong>et</strong></span> <span class='ocrx_word' id='word_1_197' title='bbox 518 1560 610 1609; x_wconf 86' lang='lat' dir='ltr'><strong>ipsis</strong></span> <span class='ocrx_word' id='word_1_198' title='bbox 634 1560 826 1609; x_wconf 88' lang='lat' dir='ltr'><strong>plerisque</strong></span> <span class='ocrx_word' id='word_1_199' title='bbox 852 1559 1032 1609; x_wconf 80' lang='lat' dir='ltr'><strong>regressis</strong></span> <span class='ocrx_word' id='word_1_200' title='bbox 1057 1561 1098 1597; x_wconf 89' lang='lat' dir='ltr'><strong>in</strong></span> <span class='ocrx_word' id='word_1_201' title='bbox 1117 1565 1241 1598; x_wconf 86' lang='lat' dir='ltr'><strong>castra</strong></span> <span class='ocrx_word' id='word_1_202' title='bbox 1260 1574 1340 1609; x_wconf 82' lang='lat' dir='ltr'><strong>sua,</strong></span> 
     </span>
     <span class='ocr_line' id='line_1_26' title="bbox 152 1624 1342 1676; baseline 0.001 -13"><span class='ocrx_word' id='word_1_203' title='bbox 152 1630 303 1663; x_wconf 88' lang='lat' dir='ltr'><strong>noctem</strong></span> <span class='ocrx_word' id='word_1_204' title='bbox 323 1626 372 1662; x_wconf 78' lang='lat' dir='ltr'><strong>ad</strong></span> <span class='ocrx_word' id='word_1_205' title='bbox 392 1625 671 1674; x_wconf 84' lang='lat' dir='ltr'><strong>erumpendum</strong></span> <span class='ocrx_word' id='word_1_206' title='bbox 695 1624 855 1661; x_wconf 83' lang='lat' dir='ltr'><strong>liberam</strong></span> <span class='ocrx_word' id='word_1_207' title='bbox 880 1624 1116 1672; x_wconf 78' lang='lat' dir='ltr'><strong>habuissent,</strong></span> <span class='ocrx_word' id='word_1_208' title='bbox 1137 1629 1176 1663; x_wconf 92' lang='lat' dir='ltr'><strong>et</strong></span> <span class='ocrx_word' id='word_1_209' title='bbox 1194 1631 1342 1676; x_wconf 88' lang='lat' dir='ltr'><strong>septem</strong></span> 
     </span>
     <span class='ocr_line' id='line_1_27' title="bbox 150 1688 1343 1738; baseline 0 -11"><span class='ocrx_word' id='word_1_210' title='bbox 150 1690 274 1727; x_wconf 91' lang='lat' dir='ltr'><strong>millia</strong></span> <span class='ocrx_word' id='word_1_211' title='bbox 299 1694 536 1727; x_wconf 81' lang='lat' dir='ltr'><strong>armatorum</strong></span> <span class='ocrx_word' id='word_1_212' title='bbox 564 1688 766 1725; x_wconf 87' lang='lat' dir='ltr'><strong>hominum</strong></span> <span class='ocrx_word' id='word_1_213' title='bbox 793 1701 992 1738; x_wconf 84' lang='lat' dir='ltr'><strong>erumpere</strong></span> <span class='ocrx_word' id='word_1_214' title='bbox 1021 1689 1139 1726; x_wconf 84' lang='lat' dir='ltr'><strong>etiam</strong></span> <span class='ocrx_word' id='word_1_215' title='bbox 1165 1702 1233 1738; x_wconf 74' lang='lat' dir='ltr'><strong>per</strong></span> <span class='ocrx_word' id='word_1_216' title='bbox 1257 1704 1343 1727; x_wconf 89' lang='lat' dir='ltr'><strong>con-</strong></span> 
     </span>
     <span class='ocr_line' id='line_1_28' title="bbox 150 1753 1342 1803; baseline 0 -11"><span class='ocrx_word' id='word_1_217' title='bbox 150 1756 267 1792; x_wconf 86' lang='lat' dir='ltr'><strong>fertos</strong></span> <span class='ocrx_word' id='word_1_218' title='bbox 288 1755 416 1791; x_wconf 85' lang='lat' dir='ltr'><strong>hostes</strong></span> <span class='ocrx_word' id='word_1_219' title='bbox 435 1757 600 1803; x_wconf 89' lang='lat' dir='ltr'><strong>possent,</strong></span> <span class='ocrx_word' id='word_1_220' title='bbox 622 1766 746 1803; x_wconf 88' lang='lat' dir='ltr'><strong>neque</strong></span> <span class='ocrx_word' id='word_1_221' title='bbox 772 1766 840 1802; x_wconf 85' lang='lat' dir='ltr'><strong>per</strong></span> <span class='ocrx_word' id='word_1_222' title='bbox 858 1766 897 1789; x_wconf 89' lang='lat' dir='ltr'><strong>se</strong></span> <span class='ocrx_word' id='word_1_223' title='bbox 916 1753 989 1802; x_wconf 88' lang='lat' dir='ltr'><strong>ipsi</strong></span> <span class='ocrx_word' id='word_1_224' title='bbox 1009 1753 1048 1789; x_wconf 90' lang='lat' dir='ltr'><strong>id</strong></span> <span class='ocrx_word' id='word_1_225' title='bbox 1068 1754 1192 1791; x_wconf 84' lang='lat' dir='ltr'><strong>facere</strong></span> <span class='ocrx_word' id='word_1_226' title='bbox 1214 1755 1342 1794; x_wconf 83' lang='lat' dir='ltr'><strong>conati</strong></span> 
     </span>
     <span class='ocr_line' id='line_1_29' title="bbox 103 1817 1342 1868; baseline 0.002 -14"><span class='ocrx_word' id='word_1_227' title='bbox 103 1833 133 1849; x_wconf 89' lang='lat'><strong>10</strong></span> <span class='ocrx_word' id='word_1_228' title='bbox 150 1823 241 1855; x_wconf 86' lang='lat' dir='ltr'><strong>sunt</strong></span> <span class='ocrx_word' id='word_1_229' title='bbox 263 1832 387 1868; x_wconf 89' lang='lat' dir='ltr'><strong>neque</strong></span> <span class='ocrx_word' id='word_1_230' title='bbox 413 1819 534 1855; x_wconf 84' lang='lat' dir='ltr'><strong>alium</strong></span> <span class='ocrx_word' id='word_1_231' title='bbox 559 1817 667 1866; x_wconf 89' lang='lat' dir='ltr'><strong>sequi</strong></span> <span class='ocrx_word' id='word_1_232' title='bbox 688 1818 906 1855; x_wconf 88' lang='lat' dir='ltr'><strong>voluerunt.</strong></span> <span class='ocrx_word' id='word_1_233' title='bbox 964 1818 1090 1855; x_wconf 84' lang='lat' dir='ltr'><strong>Nocte</strong></span> <span class='ocrx_word' id='word_1_234' title='bbox 1115 1831 1233 1868; x_wconf 90' lang='lat' dir='ltr'><strong>prope</strong></span> <span class='ocrx_word' id='word_1_235' title='bbox 1258 1823 1342 1858; x_wconf 79' lang='lat' dir='ltr'><strong>tota</strong></span> 
     </span>
     <span class='ocr_line' id='line_1_30' title="bbox 151 1883 1342 1933; baseline 0.001 -12"><span class='ocrx_word' id='word_1_236' title='bbox 151 1885 194 1923; x_wconf 88' lang='lat' dir='ltr'><strong>P.</strong></span> <span class='ocrx_word' id='word_1_237' title='bbox 218 1884 467 1933; x_wconf 84' lang='lat' dir='ltr'><strong>Sempronius</strong></span> <span class='ocrx_word' id='word_1_238' title='bbox 493 1883 711 1919; x_wconf 78' lang='lat' dir='ltr'><strong>Tuditanus</strong></span> <span class='ocrx_word' id='word_1_239' title='bbox 736 1895 816 1919; x_wconf 88' lang='lat' dir='ltr'><strong>non</strong></span> <span class='ocrx_word' id='word_1_240' title='bbox 841 1883 995 1919; x_wconf 88' lang='lat' dir='ltr'><strong>destitit</strong></span> <span class='ocrx_word' id='word_1_241' title='bbox 1020 1896 1186 1931; x_wconf 87' lang='lat' dir='ltr'><strong>monere,</strong></span> <span class='ocrx_word' id='word_1_242' title='bbox 1207 1884 1342 1922; x_wconf 85' lang='lat' dir='ltr'><strong>adhor-</strong></span> 
     </span>
     <span class='ocr_line' id='line_1_31' title="bbox 148 1947 1340 1998; baseline 0 -12"><span class='ocrx_word' id='word_1_243' title='bbox 148 1949 223 1986; x_wconf 82' lang='lat' dir='ltr'><strong>tari</strong></span> <span class='ocrx_word' id='word_1_244' title='bbox 244 1961 316 1995; x_wconf 89' lang='lat' dir='ltr'><strong>eos,</strong></span> <span class='ocrx_word' id='word_1_245' title='bbox 339 1948 432 1984; x_wconf 88' lang='lat' dir='ltr'><strong>dum</strong></span> <span class='ocrx_word' id='word_1_246' title='bbox 458 1947 630 1996; x_wconf 80' lang='lat' dir='ltr'><strong>paucitas</strong></span> <span class='ocrx_word' id='word_1_247' title='bbox 653 1947 822 1983; x_wconf 90' lang='lat' dir='ltr'><strong>hostium</strong></span> <span class='ocrx_word' id='word_1_248' title='bbox 842 1947 941 1984; x_wconf 79' lang='lat' dir='ltr'><strong>circa</strong></span> <span class='ocrx_word' id='word_1_249' title='bbox 961 1952 1094 1995; x_wconf 79' lang='lat' dir='ltr'><strong>castra,</strong></span> <span class='ocrx_word' id='word_1_250' title='bbox 1117 1949 1208 1985; x_wconf 89' lang='lat' dir='ltr'><strong>dum</strong></span> <span class='ocrx_word' id='word_1_251' title='bbox 1231 1950 1340 1998; x_wconf 86' lang='lat' dir='ltr'><strong>quies</strong></span> 
     </span>
     <span class='ocr_line' id='line_1_32' title="bbox 148 2010 1340 2062; baseline 0.001 -13"><span class='ocrx_word' id='word_1_252' title='bbox 148 2025 191 2049; x_wconf 87' lang='lat' dir='ltr'><strong>ac</strong></span> <span class='ocrx_word' id='word_1_253' title='bbox 210 2011 407 2049; x_wconf 84' lang='lat' dir='ltr'><strong>silentium</strong></span> <span class='ocrx_word' id='word_1_254' title='bbox 429 2015 538 2057; x_wconf 90' lang='lat' dir='ltr'><strong>esset,</strong></span> <span class='ocrx_word' id='word_1_255' title='bbox 560 2010 652 2047; x_wconf 88' lang='lat' dir='ltr'><strong>dum</strong></span> <span class='ocrx_word' id='word_1_256' title='bbox 672 2024 752 2047; x_wconf 85' lang='lat' dir='ltr'><strong>nox</strong></span> <span class='ocrx_word' id='word_1_257' title='bbox 771 2012 968 2060; x_wconf 86' lang='lat' dir='ltr'><strong>inceptum</strong></span> <span class='ocrx_word' id='word_1_258' title='bbox 994 2016 1121 2061; x_wconf 84' lang='lat' dir='ltr'><strong>tegere</strong></span> <span class='ocrx_word' id='word_1_259' title='bbox 1141 2017 1278 2062; x_wconf 84' lang='lat' dir='ltr'><strong>posset,</strong></span> <span class='ocrx_word' id='word_1_260' title='bbox 1300 2026 1340 2051; x_wconf 86' lang='lat' dir='ltr'><strong>se</strong></span> 
     </span>
     <span class='ocr_line' id='line_1_33' title="bbox 149 2075 1336 2125; baseline 0.003 -14"><span class='ocrx_word' id='word_1_261' title='bbox 149 2076 283 2113; x_wconf 88' lang='lat' dir='ltr'><strong>ducem</strong></span> <span class='ocrx_word' id='word_1_262' title='bbox 304 2079 574 2124; x_wconf 87' lang='lat' dir='ltr'><strong>sequerentur:</strong></span> <span class='ocrx_word' id='word_1_263' title='bbox 600 2079 689 2112; x_wconf 83' lang='lat' dir='ltr'><strong>ante</strong></span> <span class='ocrx_word' id='word_1_264' title='bbox 710 2075 833 2112; x_wconf 86' lang='lat' dir='ltr'><strong>lucem</strong></span> <span class='ocrx_word' id='word_1_265' title='bbox 855 2077 1056 2125; x_wconf 84' lang='lat' dir='ltr'><strong>pervenire</strong></span> <span class='ocrx_word' id='word_1_266' title='bbox 1075 2077 1116 2113; x_wconf 91' lang='lat' dir='ltr'><strong>in</strong></span> <span class='ocrx_word' id='word_1_267' title='bbox 1137 2082 1225 2114; x_wconf 80' lang='lat' dir='ltr'><strong>tuta</strong></span> <span class='ocrx_word' id='word_1_268' title='bbox 1243 2078 1336 2124; x_wconf 78' lang='lat' dir='ltr'><strong>loca,</strong></span> 
     </span>
     <span class='ocr_line' id='line_1_34' title="bbox 101 2139 1336 2188; baseline 0.004 -14"><span class='ocrx_word' id='word_1_269' title='bbox 101 2154 128 2172; x_wconf 83' lang='lat'><strong>11</strong></span> <span class='ocrx_word' id='word_1_270' title='bbox 148 2139 190 2175; x_wconf 89' lang='lat' dir='ltr'><strong>in</strong></span> <span class='ocrx_word' id='word_1_271' title='bbox 217 2139 406 2175; x_wconf 86' lang='lat' dir='ltr'><strong>sociorum</strong></span> <span class='ocrx_word' id='word_1_272' title='bbox 435 2140 548 2175; x_wconf 85' lang='lat' dir='ltr'><strong>urbes</strong></span> <span class='ocrx_word' id='word_1_273' title='bbox 574 2151 692 2188; x_wconf 89' lang='lat' dir='ltr'><strong>posse.</strong></span> <span class='ocrx_word' id='word_1_274' title='bbox 751 2140 803 2186; x_wconf 80' lang='lat' dir='ltr'><strong>Si,</strong></span> <span class='ocrx_word' id='word_1_275' title='bbox 825 2145 869 2177; x_wconf 92' lang='lat' dir='ltr'><strong>ut</strong></span> <span class='ocrx_word' id='word_1_276' title='bbox 894 2154 1054 2177; x_wconf 80' lang='lat' dir='ltr'><strong>avorum</strong></span> <span class='ocrx_word' id='word_1_277' title='bbox 1082 2141 1267 2179; x_wconf 86' lang='lat' dir='ltr'><strong>memoria</strong></span> <span class='ocrx_word' id='word_1_278' title='bbox 1293 2142 1336 2180; x_wconf 88' lang='lat' dir='ltr'><strong>P.</strong></span> 
     </span>
     <span class='ocr_line' id='line_1_35' title="bbox 149 2200 1338 2250; baseline 0.003 -13"><span class='ocrx_word' id='word_1_279' title='bbox 149 2200 292 2237; x_wconf 88' lang='lat' dir='ltr'><strong>Decius</strong></span> <span class='ocrx_word' id='word_1_280' title='bbox 314 2200 492 2237; x_wconf 85' lang='lat' dir='ltr'><strong>tribunus</strong></span> <span class='ocrx_word' id='word_1_281' title='bbox 512 2200 682 2237; x_wconf 88' lang='lat' dir='ltr'><strong>militum</strong></span> <span class='ocrx_word' id='word_1_282' title='bbox 702 2200 743 2237; x_wconf 86' lang='lat' dir='ltr'><strong>in</strong></span> <span class='ocrx_word' id='word_1_283' title='bbox 764 2201 931 2249; x_wconf 78' lang='lat' dir='ltr'><strong>Samnio,</strong></span> <span class='ocrx_word' id='word_1_284' title='bbox 954 2203 995 2250; x_wconf 89' lang='lat' dir='ltr'><strong>si,</strong></span> <span class='ocrx_word' id='word_1_285' title='bbox 1014 2207 1058 2240; x_wconf 90' lang='lat' dir='ltr'><strong>ut</strong></span> <span class='ocrx_word' id='word_1_286' title='bbox 1074 2204 1183 2240; x_wconf 87' lang='lat' dir='ltr'><strong>nobis</strong></span> <span class='ocrx_word' id='word_1_287' title='bbox 1195 2204 1338 2241; x_wconf 82' lang='lat' dir='ltr'><strong>adoles-</strong></span> 
     </span>
    </p>
   </div>
  </div>
 </body>
</html>
