1403 2438
495 225 666 262 LIBER
704 225 844 263 XXII.
1194 227 1209 264 1
1220 227 1267 264 19

77 325 280 375 praedicere
310 330 449 374 posset,
479 338 556 374 qua
589 338 675 361 euin
707 325 814 361 hoste
843 325 963 374 signis
992 325 1142 361 collatis
1172 330 1272 362 esset

75 390 328 426 dimicaturus
342 402 351 435 ;
380 402 432 434 se,
453 402 537 438 quae
557 389 718 426 consilia
745 390 866 437 magis
898 402 954 426 res
985 390 1079 426 dent
1110 390 1272 426 homini·
1294 409 1322 425 u

76 455 147 491 bus
177 466 292 504 quam
327 454 501 490 homiues
530 454 653 499 rebus,
681 466 725 490 ea
758 464 848 490 ante
881 458 1032 503 tempus
1064 455 1272 491 immatura

75 531 153 554 non
184 523 491 567 praecepturum;
521 523 665 567 optare,
687 522 742 564 ut,
773 530 857 567 quae
887 523 997 555 caute
1027 532 1069 555 ac
1099 520 1272 556 consulte

75 587 183 633 gesta
215 587 351 628 essent,
387 583 480 619 satis
520 595 696 631 prospere
735 583 959 629 evenirent3
999 585 1269 630 temeritatem,
1293 605 1321 621 η

76 652 331 697 praeterquam
351 648 452 696 quod
473 647 594 683 stulta
621 647 682 693 sit,
705 647 895 683 infelicem
925 648 1041 683 etiam
1071 648 1119 684 ad
1152 648 1189 683 id
1222 648 1270 684 lo-

75 725 206 749 corum
229 712 352 749 fuisse.
413 712 466 748 Et
485 725 555 748 sua
573 716 710 760 sponte
730 712 940 761 apparebat
969 718 1056 748 tuta
1084 713 1271 749 celeribus
1293 735 1321 757 1³

76 777 245 814 consiliis
280 777 587 826 praepositurum‚
622 782 670 821 et,
699 789 775 826 quo
805 776 844 812 id
877 777 1119 813 constantius
1149 790 1271 826 perse-

76 845 238 887 veraret,
274 841 319 886 Q.
355 841 497 877 Fabius
531 841 730 877 Maximus
761 841 814 878 sic
848 854 934 878 eum
968 842 1269 890 proficiscentem

76 907 266 943 allocutus
285 906 421 942 fertur.

156 971 234 1008 “Si
264 975 333 1007 aut
365 971 561 1020 collegam,
587 970 627 1007 id
662 971 763 1019 quod
798 971 963 1017 mallem,
1003 971 1058 1007 tui
1092 971 1268 1017 similem,
1291 976 1338 1012 39

78 1035 121 1072 L.
158 1035 308 1081 AEmili,
350 1036 508 1072 haberes
546 1039 615 1071 aut
652 1041 696 1071 tu
731 1035 883 1084 collegae
916 1035 976 1071 tui

1005 1066 1058 1090 and
1077 1066 1168 1091 listens
1185 1069 1212 1090 to
1224 1067 1270 1091 the

75 1113 176 1137 esses
210 1100 359 1147 similis,
394 1112 678 1149 supervacanea
716 1104 815 1136 esset
853 1100 975 1135 oratio
1004 1097 1232 1152 {ss‘ffss'ssssiulg'assfssh
1249 1105 1270 1151 [g

76 1178 184 1212 mea3
214 1177 302 1201 nam
336 1169 377 1201 et
407 1164 482 1200 duo
515 1164 607 1200 boni
640 1164 823 1210 consules,
860 1164 975 1200 etiam
1006 1158 1138 1187 mmmm·
1292 1192 1304 1207 2

76 1244 136 1268 me
156 1230 361 1276 indicente,
384 1230 514 1266 omnia
542 1243 562 1266 e
590 1242 631 1266 re
659 1229 815 1279 publica
843 1229 990 1278 fideque
1019 1233 1148 1266 vestra
1176 1230 1269 1266 face-

76 1289 170 1333 retis
189 1301 229 1333 et
247 1296 340 1332 mali
358 1308 429 1332 nec
448 1308 533 1332 mea
552 1296 669 1332 verba
688 1295 845 1331 auribus
865 1295 1003 1331 vestris
1023 1308 1092 1332 nec
1112 1295 1271 1332 consilia

75 1360 214 1397 animis
259 1359 490 1409 acciperetis.
552 1359 667 1395 Nunc
706 1363 744 1395 et
783 1359 964 1408 collegam
1004 1364 1116 1396 tuum
1155 1365 1194 1396 et
1232 1366 1269 1396 te
1291 1369 1305 1392 ³

76 1423 193 1459 talem
225 1423 352 1459 virum
394 1422 564 1459 intuenti
595 1422 692 1458 mihi
726 1426 853 1458 tecum
886 1423 1011 1459 omnis
1045 1424 1168 1459 oratio
1199 1430 1267 1466 est,

75 1500 188 1538 quem
219 1488 331 1524 video
361 1488 617 1536 nequicquam
651 1492 691 1523 et
723 1487 849 1523 virum
887 1487 1032 1523 bonum
1070 1492 1109 1523 et
1147 1488 1266 1524 civem

75 1553 165 1598 fore,
193 1552 236 1597 si,
267 1552 390 1588 altera
419 1556 528 1601 parte
556 1552 759 1588 claudente
787 1564 827 1588 re
856 1551 1020 1600 publica,
1043 1552 1155 1588 malis
1185 1565 1269 1589 con-

75 1616 173 1653 siliis
205 1617 306 1652 idem
340 1629 384 1652 ac
417 1616 527 1652 bonis
565 1616 659 1652 iuris
697 1620 736 1652 et
775 1616 976 1665 potestatis
1011 1616 1093 1653 erit.
1154 1617 1269 1653 Erras¹
1291 1638 1304 1657 4

75 1681 190 1726 enim,
222 1680 262 1718 L.
293 1680 423 1726 Paule,
451 1680 483 1716 si
515 1680 586 1716 tibi
617 1680 746 1716 minus
772 1680 994 1716 certaminis
1020 1694 1105 1716 cum
1136 1681 1173 1718 C.
1200 1682 1268 1718 Te-

76 1745 199 1782 rentio
232 1758 347 1794 quam
379 1758 464 1781 cum
496 1744 721 1782 Hannibale
750 1745 926 1781 futurum
956 1758 1108 1792 censes3
1142 1746 1269 1782 nescio

75 1823 125 1846 an
144 1810 322 1846 infestior
339 1809 402 1846 hic
420 1810 662 1846 adversarius
681 1822 798 1859 quam
817 1809 883 1846 ille
903 1809 1024 1846 hostis
1044 1815 1200 1847 maneat
1219 1814 1267 1848 te.

76 1874 173 1912 Cum
208 1875 274 1910 illo
304 1875 346 1910 in
374 1875 453 1911 acie
489 1880 652 1920 tantum,
685 1887 770 1910 cum
800 1875 871 1911 hoc
900 1875 1078 1911 omnibus
1108 1875 1199 1911 locis
1228 1889 1270 1912 ac
1292 1894 1304 1915 5

77 1939 314 1988 temporibus
350 1943 566 1975 certaturus
605 1952 644 1975 es
658 1953 668 1986 3
709 1939 891 1976 adversus
930 1939 1193 1976 Hannibalem
1224 1941 1270 1976 le-

76 2004 282 2053 gionesque
300 2003 382 2040 eius
403 2004 481 2040 tuis
510 2004 704 2052 equitibus
727 2016 770 2040 ac
796 2004 990 2052 peditibus
1020 2006 1268 2053 pugnandum

78 2068 149 2104 tibi
169 2068 254 2114 erit,
273 2067 401 2104 Varro
421 2068 502 2104 dux
517 2068 596 2104 tuis
615 2068 808 2105 militibus
827 2072 866 2104 te
885 2073 943 2105 est
963 2074 1266 2118 oppugnaturus.

77 2130 229 2169 Ominis
259 2131 375 2168 etiam
404 2131 478 2167 tibi
511 2144 626 2168 causa
654 2131 756 2168 absit
787 2131 825 2168 C.
860 2131 1043 2167 Flaminii
1073 2133 1267 2170 memoria.
1289 2145 1304 2169 6

75 2196 219 2233 Tamen
239 2195 305 2232 ille
324 2196 456 2232 consul
475 2196 632 2233 demum
652 2201 692 2233 et
711 2196 753 2232 in
771 2196 970 2245 provincia
995 2201 1035 2232 et
1062 2197 1110 2232 ad
1129 2197 1271 2234 exerci-

76 2264 160 2298 tum
179 2260 294 2310 coepit
313 2260 438 2297 furere
456 2273 467 2306 3
497 2261 569 2306 hic,
591 2261 817 2310 priusquam
843 2265 993 2310 peteret
1012 2261 1268 2307 consulatum,

75 2324 213 2362 deinde
251 2325 289 2360 in
335 2325 499 2374 petendo
536 2326 752 2370 consulatu,
794 2338 898 2362 nunc
935 2338 1088 2375 quoque
1125 2327 1268 2373 consul,
