1434 2402
144 161 215 198 104
661 159 718 195 LI
727 159 803 195 VI]

141 262 290 307 tempus
313 262 444 302 terere,
466 270 541 305 quo
570 257 716 293 diutius
742 257 782 292 in
812 256 1041 305 magistratu
1068 258 1120 293 sit
1147 257 1325 306 solusque

108 338 122 361 5
140 326 179 358 et
211 322 341 357 Romae
371 325 410 356 ct
443 321 482 356 in
513 320 684 357 exercitu
719 320 923 369 imperium
960 320 1108 358 habeat.
1173 321 1325 371 Quippe

141 386 338 421 consulum
378 385 543 421 alterum
581 385 620 420 in
659 385 740 421 acie
777 385 966 431 cecidisse,
999 385 1164 422 alterum
1197 385 1324 435 specie

139 449 266 485 classis
296 448 451 485 Punicae
482 449 752 498 persequendae
785 449 918 498 procul
948 450 997 486 ab
1028 449 1146 486 Italia
1172 449 1325 499 ablega-

106 528 120 546 0
139 518 245 560 tun13
275 514 368 549 duos
398 518 575 562 praetores
605 513 736 550 Sicilia
763 518 878 562 atque
905 513 1084 550 Sardinia
1108 518 1323 563 occupatos,

138 589 298 624 quarum
330 583 467 613 neutra
494 578 564 613 hoc
589 582 760 626 tempore
786 577 984 626 provincia
1009 582 1171 627 praetore
1190 583 1298 627 egeat
1311 592 1323 626 3

138 641 192 678 M.
217 641 434 678 Minucium
461 642 686 690 magistrum
718 642 904 690 equitum,
926 655 974 678 116
993 642 1142 679 hostem
1161 641 1321 690 videret,

137 719 184 741 ne
204 705 296 754 quid
317 706 372 742 rei
391 706 536 742 bellicae
555 710 715 755 gereret,
738 719 855 755 prope
874 707 913 742 in
935 706 1110 743 custodia
1131 707 1320 746 habitum.

50 794 85 803 x
105 787 118 808 7
136 771 275 820 Itaque
294 771 446 808 hercule
467 784 542 808 non
570 771 769 808 Samnium
797 772 919 817 modo,
942 785 1017 821 quo
1037 772 1111 808 iam
1137 776 1321 821 tanquam

136 839 242 871 trans
278 835 470 872 Hiberum
503 849 593 884 agro
625 836 754 872 Poenis
782 849 1002 872 concessum
1031 837 1094 883 sit,
1121 837 1187 873 sed
1216 837 1323 874 Gam-

134 912 276 947 panum
311 900 573 949 Calenumque
604 905 642 936 et
679 900 887 937 Falernum
918 913 1052 950 agrum
1087 905 1324 950 pervastatos

134 978 223 1010 esse,
260 964 416 1001 sedente
454 964 615 1001 Casilini
648 965 835 1002 dictatore
873 971 912 1002 et
946 966 1161 1014 legionibus
1190 967 1322 1016 populi

102 1035 116 1059 8
136 1028 303 1064 Romani
326 1041 460 1077 agrum
487 1042 596 1065 suum
624 1033 789 1067 tutante.
850 1030 1075 1066 Exercitum
1103 1031 1320 1080 cupientem

135 1105 306 1141 pugnare
340 1098 378 1129 et
411 1093 634 1142 magistrum
670 1093 844 1142 equitum
878 1094 1026 1130 clausos
1064 1107 1182 1144 prope
1218 1095 1323 1132 intra

136 1157 278 1193 vallum
327 1162 496 1194 retentos
511 1170 521 1204 3
568 1162 749 1207 tanquam
798 1158 972 1195 hostibus
1014 1159 1178 1208 captivis
1215 1172 1322 1195 arma

101 1237 115 1260 9
133 1222 321 1271 adempta.
391 1222 572 1269 Tandem,
605 1227 650 1258 ut
683 1223 907 1259 abscesserit
940 1223 1030 1260 inde
1068 1224 1245 1270 dictator,
1276 1229 1322 1261 ut

132 1287 328 1323 obsidione
359 1287 550 1333 liberatos,
582 1292 690 1323 extra
724 1287 866 1323 vallum
905 1300 1072 1336 egressos
1104 1288 1248 1325 fudisse
1277 1301 1321 1327 ac

87 1372 115 1387 10
132 1352 280 1399 fugasse
300 1351 438 1388 hostes.
489 1351 593 1395 Quas
613 1352 660 1387 ob
682 1366 749 1397 res,
768 1351 799 1387 si
818 1352 1002 1400 antiquus
1022 1352 1174 1389 animus
1193 1352 1319 1401 plebei

131 1447 155 1469 A
176 1446 222 1470 ΜΠ
240 1446 262 1470 is
279 1446 394 1476 brought
423 1415 606 1451 Romanae
622 1420 731 1462 esset,
745 1416 942 1452 audaciter
959 1428 999 1453 se
1018 1417 1190 1453 laturum
1205 1417 1321 1454 fuisse

131 1477 394 1537 ffntg'ffissgffffgssss
422 1481 468 1516 de
498 1480 715 1528 abrogando
754 1479 797 1524 Q.
835 1480 946 1517 Fabii
983 1481 1173 1530 imperio;
1215 1494 1319 1518 nunc

131 1538 312 1567 ‘mummius’
424 1544 609 1580 modicam
643 1545 880 1592 rogationem
909 1545 1243 1594 promulgaturum
1272 1546 1320 1583 de

87 1627 110 1642 ιι
131 1610 315 1657 {equando
350 1608 525 1657 magistri
555 1609 727 1657 equitum
763 1613 803 1645 et
835 1609 1034 1646 dictatoris
1071 1609 1164 1646 iure.
1236 1610 1320 1647 Nec

132 1678 262 1709 tamen
288 1686 335 1709 ne
371 1673 426 1708 ita
463 1672 618 1721 quidem
643 1673 749 1721 prius
774 1673 1009 1709 mittendum
1033 1674 1081 1709 ad
1106 1674 1319 1711 exercitum

131 1738 174 1782 Q.
219 1737 393 1781 Fabium,
427 1750 542 1786 quam
580 1737 774 1773 consulem
813 1737 855 1773 in
891 1737 1013 1774 locum
1056 1738 1095 1775 O.
1136 1738 1319 1775 Flaminii

131 1802 350 1838 suffecisset.

86 1883 111 1898 ω
212 1866 389 1902 Dictator
409 1866 652 1902 contionibus
672 1878 711 1902 se
731 1865 975 1902 abstinuitin
988 1867 1138 1904 actione
1157 1867 1316 1904 minime

130 1930 313 1979 populari.
375 1930 435 1967 Ne
471 1931 513 1966 in
542 1935 679 1967 senatu
708 1930 864 1979 quidem
894 1932 988 1968 satis
1017 1932 1136 1981 eequis
1159 1932 1318 1969 auribus

127 1993 357 2029 audiebatur
379 1992 513 2045 [tunc],
535 2007 654 2044 quum
675 1996 822 2033 hostem
842 1996 970 2032 verbis
991 1995 1195 2032 extolleret
1213 1995 1317 2032 bien-

84 2076 109 2099 ¹3
126 2059 257 2107 m'ique
277 2059 403 2095 clades
422 2072 490 2107 per
508 2060 767 2096 temeritatem
779 2064 896 2109 atque
910 2059 1152 2096 inscientiam
1173 2060 1314 2096 ducum

127 2126 298 2170 acceptas
319 2122 475 2158 referret
497 2128 530 2158 et
555 2123 739 2171 magistro
758 2123 944 2172 equitum,
966 2123 1069 2171 quod
1087 2126 1223 2159 contra
1241 2122 1317 2159 dic-

131 2190 210 2221 tum
230 2198 341 2221 suum
362 2190 578 2234 pugnasset,
599 2187 788 2223 rationem
807 2186 951 2223 diceret
971 2187 1204 2223 reddendam
1223 2198 1312 2223 esse.

78 2268 108 2291 η
127 2247 167 2285 si
195 2261 311 2297 penes
337 2261 375 2285 se
403 2262 552 2285 summa
580 2249 731 2297 imperii
755 2250 980 2299 consiliique
1009 2252 1071 2296 sit,
1092 2250 1310 2299 propediem
