1434 2402
160 136 234 175 140
675 131 826 170 LIVJI

124 256 139 279 7
237 232 405 271 Placatis
431 232 535 278 satis,
559 234 605 267 ut
633 231 828 276 rebantur,
852 228 932 265 (leis
952 228 1007 264 M.
1033 227 1218 265 Claudius
1243 227 1347 264 Mar-

156 325 194 349 M.
205 323 419 348 mmmmm,-
446 296 564 332 eellus
581 295 629 331 ab
647 294 758 331 Ostia
772 293 877 329 mille
891 296 929 329 et
941 293 1173 341 quingentos
1188 292 1346 338 milites,

156 356 240 379 ⁰⁰¹¹¹¹⁵³
256 355 331 378 takes
344 360 415 377 ⁰⁰³¹·
444 372 539 409 quos
558 359 600 395 in
619 359 775 395 classem
797 357 959 406 scriptos
974 356 1150 401 habebat,
1167 356 1383 403 Romam‚‘·³'
1407 367 1410 372 ¹
1432 364 1434 366 '

155 385 236 409 mand
257 387 285 409 at
305 384 415 408 Canusi-

122 441 136 465 ε
155 423 216 444 ”¹¹¹³
444 429 490 461 ut
527 424 616 460 urbi
658 422 835 472 praesidio
882 425 1019 467 essent,
1059 420 1186 457 mittit
1201 434 1212 468 3
1251 421 1345 470 ipse,

155 490 302 540 legione
322 489 478 526 classica
497 487 557 536 (ea
577 487 675 535 legio
695 486 812 522 tertia
835 483 934 534 erat)
955 497 1043 520 eum
1061 483 1230 520 tribunis
1248 484 1347 520 mili-

155 559 238 591 tum
272 555 443 590 Teanum
482 552 698 589 Sidicinum
736 550 942 599 praemissa,
978 549 1097 585 classe
1127 549 1272 585 tradita
1299 548 1343 587 P.

156 621 273 657 Furio
289 619 403 656 Philo
424 619 586 666 collegae,
602 629 740 665 paucos
759 620 847 665 post
867 616 947 651 dies
964 614 1177 651 Canusium
1196 613 1347 663 magnis

121 704 137 728 9
154 685 359 721 itineribus
382 682 592 720 contendit.
651 681 750 717 Inde
777 680 943 716 dictator
962 692 1011 715 ex
1030 679 1262 715 auctoritate
1284 691 1348 727 pa-

154 754 258 786 trum
279 749 405 785 (lictus
425 747 480 784 M.
498 746 636 782 Iunius
657 749 695 781 et
710 745 748 780 T.
770 744 1020 792 Sempronius
1039 743 1224 791 magister
1243 742 1347 791 equi-

212 845 217 849 .
367 843 373 849 .
446 815 542 855 tum,
561 810 703 846 dilectu
725 808 860 854 edicto,
879 808 1048 843 iuniores
1067 807 1116 843 ab
1135 806 1248 843 annis
1267 819 1348 855 sep-

153 851 170 868 a
193 844 308 868 metator
335 849 417 868 raises

152 875 419 933 {5233ng10‘i'jfs‘thgffi
448 874 638 911 tendecim
677 877 716 910 et
753 872 937 922 quosdam
972 875 1223 921 praetextatos
1259 871 1348 908 sori·

153 943 219 960 even
238 937 331 960 ³¹³V05·
446 940 568 985 bunt,
598 941 783 987 quattuor
812 950 860 973 ex
888 936 948 972 his
977 936 1145 985 legiones
1173 939 1213 972 et
1239 935 1347 972 mille

105 1022 136 1038 ιο
154 1002 301 1051 equites
332 1002 469 1039 effecti.
540 1001 642 1037 Item
677 1000 725 1036 ad
755 999 877 1036 socios
911 998 1175 1047 Latinumque
1205 1010 1347 1034 nomen

153 1066 201 1102 ad
222 1066 364 1101 milites
385 1078 432 1101 ex
451 1064 616 1101 formula
636 1063 874 1111 accipiendos
889 1062 1064 1098 mittunt.
1104 1062 1242 1108 Arma,
1255 1061 1345 1106 tela,

155 1129 231 1165 alia
255 1130 382 1177 parari
407 1129 544 1165 iubent
569 1133 608 1164 et
635 1132 768 1164 vetera
793 1127 915 1176 spolia
939 1126 1109 1163 hostium
1134 1126 1347 1163 detrahunt

106 1217 133 1233 ῃ
154 1194 308 1243 templis
328 1194 625 1243 porticibusque.
681 1192 734 1228 Et
754 1191 871 1227 aliam
891 1191 1053 1227 formam
1071 1191 1163 1227 novi
1183 1190 1347 1227 dilectus

153 1258 285 1307 inopia
304 1258 515 1294 liberorum
535 1257 704 1305 capitum
724 1268 768 1292 ae
787 1255 993 1292 necessitas
1012 1254 1120 1290 dedit
1126 1269 1137 1302 3
1157 1258 1243 1291 octo
1263 1253 1347 1290 mil-

153 1323 205 1359 lia
233 1322 419 1358 iuvenum
440 1321 654 1357 validorum
684 1333 733 1356 ex
762 1319 942 1365 servitiis,
970 1319 1079 1368 prius
1107 1319 1346 1358 sciscitantes

153 1386 334 1435 singulos,
355 1386 552 1422 vellentne
572 1384 749 1430 militare,
768 1388 898 1432 empta
916 1383 1069 1432 publice
1085 1387 1344 1420 armaverunt.

103 1472 134 1489 12
153 1450 233 1487 Hic
251 1451 360 1487 miles
381 1449 501 1499 magis
516 1448 673 1498 placuit,
691 1460 811 1497 quum
825 1447 950 1497 pretio
963 1447 1111 1483 minore
1131 1447 1346 1486 redimendi

153 1515 325 1565 captivos
346 1514 456 1563 eopia
475 1514 593 1550 fieret.

85 1575 133 1613 58
233 1580 412 1628 Namque
446 1579 649 1615 Hannibal
682 1578 892 1615 secundum
923 1582 1005 1615 tam
1037 1590 1259 1627 prosperam
1296 1578 1346 1616 ad

152 1658 291 1682 Hannibal
335 1657 415 1682 offers
444 1643 597 1680 Cannas
623 1655 792 1692 pugnam
811 1642 971 1679 victoris
990 1642 1112 1690 magis
1131 1655 1246 1691 quam
1269 1643 1347 1680 bel-

118 1689 414 1749 2ig¹t¹iiesass³rsisgi1¹e¹igm
442 1707 523 1743 lum
551 1707 720 1756 gerentis
749 1706 925 1743 intentus
956 1707 1070 1752 euris,
1099 1719 1232 1756 quum,
1262 1720 1346 1756 cap-

150 1772 242 1808 tivis
265 1771 461 1820 productis
487 1772 782 1820 segregatisque,
808 1771 938 1817 socios,
961 1771 1061 1807 sieut
1080 1775 1170 1808 ante
1190 1772 1238 1808 ad
1257 1771 1346 1808 Tre-

150 1835 253 1872 biam
282 1835 668 1884 Trasumennumque
696 1835 833 1880 laeum,
855 1834 1021 1883 benigne
1046 1835 1237 1872 allocutus
1262 1835 1346 1873 siue

148 1900 273 1950 pretio
293 1900 512 1946 dimisisset,
534 1900 732 1936 Romanos
759 1911 911 1947 quoque
931 1902 1097 1945 vocatos,
1119 1899 1223 1947 quod
1247 1911 1346 1936 nun·

116 1986 131 2009 3
150 1977 265 2014 quam
293 1964 389 2001 alias
416 1969 542 2010 antea,
564 1963 657 2000 satis
685 1963 773 2000 miti
802 1975 977 2000 sermone
1002 1962 1239 2011 alloquitur:
1265 1976 1346 2001 non

148 2027 432 2064 internecivum
461 2027 535 2064 sibi
563 2039 644 2063 esse
673 2039 760 2063 cum
781 2026 969 2063 Romanis
997 2025 1169 2073 bellum3
1199 2027 1247 2063 de
1266 2027 1346 2076 dig-

150 2089 274 2127 nitate
301 2094 419 2138 atque
447 2089 610 2139 imperio
640 2094 795 2126 certare.
855 2089 909 2125 Et
939 2093 1070 2138 patres
1098 2089 1242 2126 virtuti
1269 2088 1346 2127 Ro-

151 2166 274 2190 manae
302 2155 458 2191 cessisse
482 2159 522 2192 et
546 2167 585 2191 se
610 2154 649 2191 id
674 2155 811 2200 anniti,
833 2158 879 2190 ut
905 2167 982 2191 suae
1007 2154 1051 2190 in
1075 2155 1199 2191 vicem
1227 2154 1344 2192 simul

120 2237 132 2258 ⁴
154 2217 330 2255 felicitati
357 2222 395 2256 et
413 2219 554 2256 virtuti
580 2219 748 2256 cedatur.
806 2218 947 2268 Itaque
969 2218 1183 2256 redimendi
1202 2230 1242 2255 se
1261 2230 1345 2268 cap-
