1403 2438
515 173 681 210 LIBER
719 172 859 209 XXII.
1231 172 1276 208 91

88 278 129 311 et
155 273 361 311 descendas
389 272 430 308 in
457 285 610 322 :equum
636 277 676 310 et
696 272 757 309 vir
784 285 870 308 cum
900 271 983 308 viro
1009 270 1277 320 congrediaris.

90 338 283 375 Audendo
315 342 431 387 atque
464 338 612 386 agendo
645 350 705 374 res
735 337 912 374 Romana
943 335 1077 382 crevit,
1108 347 1187 372 non
1220 335 1281 372 his

87 402 268 452 segnibus
297 402 477 448 consiliis,
515 414 598 451 quae
631 401 759 438 timidi
799 406 911 437 cauta
952 399 1124 437 vocant.'’
1186 399 1280 435 Haec
1301 417 1330 440 ις,

91 467 197 504 velut
241 467 483 504 contionanti
525 465 701 502 Minucio
739 465 1122 502 circumfundebatur
1160 464 1280 501 tribu-

87 544 225 568 norum
273 531 523 580 equitumque
568 530 832 567 Romanorum
873 530 1094 575 multitudo,
1147 533 1186 566 et
1231 529 1279 565 ad

87 608 198 633 aures
226 608 378 645 quoque
405 595 575 632 militum
605 595 708 631 dicta
735 594 878 631 ferocia
901 595 1208 641 evolvebantur3
1237 606 1279 630 ac

86 660 118 696 si
153 659 332 696 militaris
361 659 533 709 suffragii
566 672 626 696 res
659 663 771 704 esset,
806 659 908 695 haud
942 659 1058 695 dubie
1093 659 1278 702 ferebant,

90 724 306 761 Minucium
328 724 447 761 Fabio
466 724 553 761 duci
576 724 810 773 praelaturos

166 788 310 826 Fabius
330 789 474 838 pariter
492 789 532 825 in
557 801 645 825 suos
665 788 770 825 haud
789 788 919 825 minus
939 801 1052 837 quan]
1082 788 1122 824 in
1148 789 1276 826 hostes
1300 787 1344 824 15

86 853 274 900 intentus,
296 854 403 902 prius
428 854 476 890 ab
503 853 580 890 illis
599 853 791 890 invictum
810 853 980 890 animum
1015 878 1114 902 Fabius
1125 878 1280 907 guardsthe

86 921 253 967 praestat.
312 918 542 967 Quanquam
570 918 688 967 probe
718 917 801 963 scit,
835 929 913 953 non
943 917 984 952 in
1014 909 1278 964 fffiffifflssycavgssjss

86 982 222 1019 eastris
249 982 363 1019 modo
391 982 482 1028 suis,
512 982 577 1018 sed
601 982 678 1018 iam
705 981 823 1019 etiam
850 981 985 1017 Romae
1013 970 1072 994 ”⁷²¹¹
1088 970 1277 995 asCasilinum

86 1046 271 1084 infamem
301 1059 410 1084 suam
443 1047 731 1083 cunctationem
762 1059 855 1093 esse,
893 1046 1111 1083 obstinatus
1144 1049 1276 1082 tamen

87 1116 218 1148 tenore
245 1111 377 1148 eodem
412 1111 658 1148 consiliorum
690 1111 836 1148 aestatis
866 1111 1060 1160 reliquum
1091 1110 1274 1153 extraxit,

86 1179 132 1212 ut
162 1175 361 1213 Hannibal
391 1176 602 1213 destitutus
631 1177 680 1213 ab
708 1189 774 1225 spe
801 1189 952 1213 summa
978 1188 1050 1225 ope
1068 1175 1182 1225 petiti
1203 1188 1278 1212 cer-
1296 1193 1311 1209 2

85 1241 243 1290 taminis
270 1241 349 1278 iam
376 1241 548 1278 hibernis
577 1241 702 1278 locum
732 1241 1080 1290 circumspectaret,
1112 1240 1204 1290 quia
1233 1252 1277 1276 ea

84 1306 189 1355 regio
230 1306 431 1355 praesentis
475 1310 559 1343 erat
591 1306 718 1356 copiae,
758 1319 838 1343 non
875 1310 1081 1356 perpetuae,
1120 1305 1278 1342 arbusta

86 1370 286 1420 vineaeque
313 1375 353 1407 et
380 1371 529 1408 consita
558 1371 690 1407 omnia
719 1372 842 1421 magis
872 1371 1032 1408 amoenis
1065 1383 1181 1420 quam
1216 1382 1277 1406 ne-

85 1435 258 1472 cessariis
286 1435 486 1474 fructibus.
545 1435 642 1472 Haec
670 1448 740 1485 per
767 1436 1028 1485 exploratores
1057 1435 1179 1472 relata
1207 1434 1275 1470 Fa·
1297 1447 1310 1469 3

85 1500 158 1537 bio.
217 1500 349 1545 Quum
377 1500 472 1537 satis
494 1500 620 1546 sciret,
642 1513 710 1549 per
732 1501 883 1537 easdem
904 1500 1114 1549 angustias,
1135 1499 1277 1549 quibus

83 1563 302 1601 intraverat
346 1564 554 1601 Falernum
593 1577 741 1613 agrum,
780 1565 1008 1612 rediturum,
1050 1563 1274 1601 Calliculam

84 1632 255 1665 montem
281 1632 321 1665 et
349 1628 562 1665 Casilinum
591 1634 752 1678 occupat
779 1629 938 1667 modicis
963 1628 1161 1679 praesidiis,
1192 1641 1276 1677 quae
1294 1642 1307 1665 ⁴

85 1693 177 1730 urbs
207 1692 410 1730 Vulturno
440 1693 603 1730 flumine
635 1694 828 1743 dirempta
864 1694 1073 1731 Falernum
1112 1706 1135 1729 a
1168 1692 1277 1730 Cam-

83 1769 184 1806 pano
220 1770 312 1807 agro
342 1758 508 1805 dividit;
547 1759 629 1808 ipse
657 1759 760 1809 iugis
792 1759 931 1796 iisdem
969 1758 1182 1796 exercitum
1223 1771 1275 1795 re-

82 1822 199 1869 ducit,
227 1822 344 1859 misso
367 1823 611 1872 exploratum
637 1837 724 1861 cum
756 1824 1050 1873 quadringentis
1076 1823 1273 1872 equitibus

82 1887 270 1924 sociorum
301 1887 344 1924 L.
375 1887 549 1925 Hostilio
578 1888 774 1925 Mancino.
835 1888 924 1934 Qui,
954 1900 1002 1924 ex
1032 1888 1147 1924 turba
1171 1887 1275 1923 iuve-
1293 1899 1308 1923 5

81 1963 176 1988 num
213 1951 455 1988 audientium
494 1965 593 2002 saepe
629 1954 808 1990 ferociter
840 1953 981 1990 contio-
1010 1977 1059 2002 but
1075 1978 1146 2002 loses
1162 1984 1237 2002 some
1248 1977 1278 2002 of

81 2020 238 2054 nantem
272 2017 500 2066 magistrum
533 2017 720 2066 equitum,
759 2029 981 2067 progressus
1009 2008 1275 2064 ζ’ζζξζζξξῐὲῑῧέςέᾇῗ

81 2081 206 2130 primo
230 2080 485 2130 exploratoris
513 2081 636 2128 modo,
658 2086 704 2118 ut
727 2094 775 2118 ex
794 2085 880 2118 tuto
900 2094 980 2131 spe·
1008 2069 1092 2094 cinus.

80 2145 276 2183 cularetur
294 2145 456 2192 hostem,
477 2146 546 2182 ubi
565 2159 682 2196 vagos
701 2146 842 2196 passim
870 2159 938 2195 per
957 2147 1061 2184 vicos
1080 2147 1274 2184 Numidas

80 2209 178 2248 milit
200 2216 233 2248 et
258 2223 327 2260 per
351 2211 586 2249 occasionem
607 2212 726 2248 etiam
744 2224 886 2261 paucos
905 2211 1057 2258 occidit,
1079 2211 1273 2261 extemplo
1291 2222 1306 2246 6

81 2278 287 2324 occupatus
317 2275 527 2313 certamine
559 2279 618 2313 est
646 2276 810 2321 animus,
846 2276 1150 2326 excideruntque
1182 2289 1272 2325 prae-
