1403 2438
501 117 667 153 LIBER
704 117 846 154 XXII.
1195 119 1265 154 123

78 218 203 256 cata'm
242 218 496 254 temeritatem
544 215 737 252 ferocioris
783 216 950 252 consulis
991 229 1034 252 ac
1078 229 1266 254 novorum

79 282 245 320 maxime
275 282 443 318 militum
478 293 566 317 esse.
645 281 693 316 Et
730 282 859 316 omnia
896 281 931 317 ei
967 280 1135 317 hostium
1164 282 1267 318 haud
1289 300 1300 321 5

78 359 185 395 secus
222 359 338 396 quam
365 358 435 382 sua
463 353 554 381 nota
585 350 718 381 erant:
763 345 967 381 dissimiles
1001 345 1268 396 discordesque

79 411 311 460 imperitare,
340 410 435 446 duas
464 404 579 458 prope
607 413 734 458 partes
761 409 931 445 tironum
952 410 1121 446 militum
1143 410 1184 446 in
1204 424 1267 448 ex-

79 476 200 512 ercitu
231 487 320 512 esse..
384 474 520 522 [taque
554 473 678 510 locum
709 478 747 510 et
777 478 927 522 tempus
954 473 1104 510 insidiis
1131 479 1266 524 aptum
1285 487 1301 511 6

78 553 118 577 se
137 540 277 577 habere
297 543 412 585 ratus,
435 542 545 574 nocte
562 538 747 587 proxima,
766 538 861 574 nihil
880 551 972 587 prae-
1005 566 1044 591 ne
1056 567 1112 596 iays
1125 573 1141 591 a
1153 569 1214 597 trnp
1227 566 1267 590 ror

79 611 139 643 ter
174 618 282 642 arma
319 606 464 642 ferente
502 617 629 641 secum
674 604 808 651 milite,
848 610 973 641 castra

78 671 191 721 plena
227 670 352 707 omnis
390 669 552 706 fortunae
593 669 753 717 publicae
796 670 1032 718 privataeque
1071 668 1266 717 relinquit,

79 740 261 785 transque
303 734 498 784 proximos
542 738 692 770 montes
735 734 830 770 laeva
868 734 1016 783 pedites
1056 733 1266 770 instructos
1288 751 1300 772 7

78 801 218 846 condit,
253 800 391 836 dextra
437 798 917 851 equites,·in1pedimenta
950 811 1017 848 per
1055 797 1266 834 convallem

80 865 242 903 mediam
284 863 462 909 traducit,
501 867 543 899 ut
575 863 802 911 diripiendis
841 863 948 900 velut
981 862 1140 900 desertis
1178 863 1302 912 fugas

1001 598 1082 626 them.

79 930 319 967 dominorum
359 928 493 964 castris
522 932 748 976 occupatum
783 928 1089 977 impeditumque
1120 927 1268 964 hostem

79 994 322 1045 opprimeret.
381 992 515 1030 Crebri
551 992 676 1028 relicti
708 992 748 1027 in
779 993 914 1028 castris
947 992 1065 1041 ignes„
1103 996 1145 1028 ut
1175 992 1268 1028 fides
1287 1015 1303 1039 9

81 1060 198 1105 fieret,
219 1059 311 1095 dum
340 1058 420 1106 ipse
444 1055 597 1105 longius
623 1056 789 1104 spatium
810 1056 900 1106 fuga
920 1057 1152 1106 praeciperet,
1175 1056 1270 1093 falsa

81 1123 246 1173 imagine
278 1126 501 1167 castrorum,
537 1121 637 1157 sicut
678 1120 839 1156 Fabium
879 1121 1004 1170 priore
1042 1133 1143 1157 anno
1174 1121 1268 1157 frus-

80 1192 205 1225 tratus
241 1190 352 1231 esset,
385 1190 516 1222 tenere
549 1185 591 1221 in
624 1185 715 1222 locis
744 1186 917 1222 consules
951 1185 1125 1223 voluisse.
1187 1185 1269 1223 Ubi
1288 1189 1337 1225 42

80 1251 222 1298 illuxit,
244 1250 441 1288 subductae
469 1249 593 1299 primo
623 1249 820 1295 stationes,
842 1249 980 1286 deinde
1003 1250 1160 1299 propius
1183 1251 1267 1287 ade-

81 1314 240 1351 untibus
259 1313 460 1350 insolitum
484 1312 681 1349 silentium
708 1313 1001 1350 admirationem
1023 1313 1122 1351 fecit.
1187 1314 1266 1350 [am
1287 1335 1301 1351 2

80 1378 174 1415 satis
201 1381 396 1426 comperta
425 1377 636 1413 solitudine
667 1377 707 1413 in
739 1377 886 1423 castris,
912 1390 1117 1414 concursus
1151 1378 1195 1414 fit
1220 1379 1266 1414 ad

83 1443 258 1492 praetoria
289 1441 488 1478 consulum
519 1441 784 1477 nuntiantium
816 1442 946 1490 fugam
976 1441 1143 1478 hostium
1173 1442 1268 1479 adeo

82 1507 282 1557 trepidam,
305 1511 350 1542 ut
379 1505 638 1542 tabernaculis
661 1507 857 1543 stantibus
883 1510 1006 1542 castra
1026 1506 1265 1556 reliquerint,

80 1584 232 1621 quoque
269 1570 360 1619 fuga
396 1570 593 1607 obscurior
630 1575 738 1617 esset,
780 1571 930 1608 crebros
963 1571 1080 1608 etiam
1116 1571 1267 1609 relictos

81 1636 197 1685 ignes.
256 1635 412 1672 Clamor
432 1634 522 1670 inde
551 1637 669 1679 ortus,
695 1637 740 1670 ut
767 1634 876 1683 signa
901 1635 1063 1684 proferri
1089 1635 1269 1672 iuberent
1288 1655 1302 1677 3

80 1701 339 1749 ducerentque
362 1699 409 1735 ad
434 1698 714 1747 persequendos
735 1698 861 1735 hostes
884 1711 927 1735 ac
947 1699 1124 1748 protinus
1144 1705 1270 1738 castra

80 1764 305 1814 diripienda.
366 1763 417 1799 Et
449 1762 581 1799 consul
611 1762 711 1799 alter
741 1763 848 1799 velut
878 1776 977 1800 unus
1006 1791 1061 1815 into
1090 1791 1174 1815 which
1206 1791 1269 1822 they

81 1829 203 1866 turbae
230 1827 410 1864 militaris
447 1831 530 1864 erat
542 1840 553 1874 ;
600 1827 744 1864 Paulus
773 1828 889 1864 etiam
920 1832 974 1864 at-
1004 1821 1272 1877 gffissgsgsslffoffiffi
1288 1851 1299 1873 4

80 1906 155 1943 que
173 1895 289 1930 etiam
309 1893 434 1930 dicere
454 1892 736 1942 providendum
764 1905 976 1942 praecaven-
1005 1882 1116 1908 pamm·

80 1960 249 2008 dumque
268 1970 348 1994 esse
362 1971 372 2004 ;
402 1960 602 2006 postrem0‚
625 1970 745 2006 quum
765 1957 879 1995 aliter
897 1970 1022 2008 neque
1040 1957 1268 1995 seditionem
1299 1992 1301 1996 ,

81 2035 204 2072 neque
233 2022 368 2059 ducem
397 2021 595 2058 seditionis
621 2022 812 2059 sustinere
830 2026 969 2072 posset,
993 2022 1164 2059 Marium
1186 2022 1268 2059 Sta-

82 2087 209 2124 tilium
256 2086 477 2136 praefectum
521 2099 608 2123 cum
646 2090 776 2124 turma
823 2087 979 2124 Lucana
1025 2086 1266 2136 exploratum

80 2150 212 2189 mittit.
272 2151 350 2196 Qui
379 2151 446 2188 ubi
474 2151 718 2201 adequitavit
746 2151 878 2202 portis,
914 2151 1120 2188 subsistere
1158 2155 1269 2189 extra
1286 2170 1302 2195 5

80 2217 323 2253 munimenta
341 2215 482 2253 ceteris
510 2215 635 2262 iussis,
668 2216 749 2266 ipse
777 2229 864 2253 cum
893 2217 1043 2253 duobus
1070 2216 1266 2266 equitibus
