1403 2438
483 141 649 178 LIBER
688 140 833 178 XXII.
1203 140 1250 177 75

63 240 291 290 quebantur.
350 238 452 274 Galli
489 251 612 286 nequo
645 238 836 274 sustinere
864 250 903 273 se
933 236 1100 285 prolapsi
1130 249 1253 285 neque
1272 245 1288 269 ⁶

61 316 260 353 assurgere
297 316 346 339 cx
379 302 628 351 voraginibus
666 305 855 350 poterant,
887 314 953 338 nec
990 306 1060 337 aut
1096 313 1254 350 corpora

61 368 202 405 animis
231 372 301 404 aut
334 367 482 404 animos
519 380 583 415 spo
622 366 878 411 sustinebant,
918 365 986 402 alii
1023 366 1122 402 fessa
1154 378 1285 414 aegre7

61 432 260 470 trahentes
289 432 471 477 membra,
491 431 569 476 alii,
591 431 657 467 ubi
686 430 803 466 semol
832 430 947 466 victis
970 430 1084 466 taedio
1113 430 1252 466 animis

60 497 366 546 procubuissent,
398 497 501 532 inter
534 496 708 537 iumenta
738 499 777 531 et
809 494 892 543 ipsa
920 494 1086 531 iacentia
1111 494 1251 543 passim

61 562 292 608 morientes;
332 561 576 609 maximeque
607 559 779 596 omnium
820 559 961 608 vigiliae
999 559 1253 613 conficiebent

61 638 128 675 per
155 625 408 675 quatriduum
434 625 512 661 iam
535 630 573 661 et
602 629 681 661 tres
705 630 836 660 noctes
871 624 1048 661 toleratae.
1109 624 1250 670 Quum,
1270 636 1285 660 8

59 689 191 726 omm‘a
226 689 494 727 obtinentibus
531 689 651 738 aquis,
692 689 800 735 nihil,
842 690 906 725 ubi
950 690 989 725 in
1023 690 1121 726 sicco
1151 688 1252 726 fessa

59 758 277 791 sternerent
300 767 466 803 corpora,
489 754 657 790 inveniri
686 759 824 803 posset,
847 754 1052 791 cumulatis
1081 754 1121 789 in
1151 766 1252 802 aqua

59 819 220 856 sarcinis
245 819 404 868 insuper
428 819 714 865 incumbebant,
737 825 805 855 aut
828 818 1090 855 iumentorum
1111 818 1250 854 itinere
1268 840 1284 863 9

59 887 142 920 toto
160 888 442 933 prostratorum
463 883 604 932 passim
624 883 751 919 acervi
774 888 939 929 tantum,
957 883 1061 932 quod
1080 886 1251 919 exstaret

58 944 170 996 aquai,
200 947 464 997 quaerentibus
491 948 539 984 ad
567 947 738 996 quietem
769 948 879 996 parvi
908 947 1092 997 temporis
1126 960 1250 984 neces-

59 1012 203 1048 sarium
231 1012 356 1048 cubile
379 1011 533 1048 dabant.
593 1011 681 1060 Ipse
703 1011 906 1048 Hannibal
929 1024 1029 1060 aeger
1054 1011 1174 1048 oculis
1202 1024 1251 1047 ex
1270 1034 1301 1050 10

60 1088 178 1112 verna
202 1076 370 1125 primum
396 1076 624 1125 intemperie
648 1076 825 1113 variante
849 1076 991 1113 calores
1017 1076 1246 1124 frigoraque,

58 1139 274 1190 elephanto,
309 1141 377 1189 qui
405 1153 506 1177 unus
535 1141 788 1190 superfuerat,
824 1153 901 1190 quo
926 1140 1044 1177 altius
1072 1140 1120 1176 ab
1149 1153 1250 1188 aqua

59 1209 241 1252 exstaret,
271 1209 416 1252 vectus,
450 1205 594 1254 vigiliis
633 1209 762 1242 tamen
798 1209 839 1242 et
870 1209 1059 1242 nocturno
1088 1205 1249 1241 humore
1268 1220 1293 1236 11

60 1269 298 1319 palustrique
317 1269 408 1306 caelo
436 1274 622 1319 gravante
649 1273 774 1318 caput,
797 1274 837 1306 et
859 1269 950 1318 quia
974 1269 1153 1306 medendi
1179 1282 1248 1306 nec

59 1334 164 1372 locus
182 1347 252 1372 nec
271 1339 425 1384 tempus
444 1338 537 1380 erat,
560 1335 681 1371 altero
701 1335 810 1371 oculo
830 1334 990 1383 capitur.

138 1398 279 1436 Multis
304 1398 526 1436 hominibus
548 1399 809 1448 iumentisque
832 1399 928 1436 foede
955 1398 1105 1435 amissis
1127 1411 1248 1446 quum
1268 1400 1290 1437 3

57 1463 212 1500 tandem
241 1463 288 1500 de
314 1463 519 1513 paludibus
547 1464 774 1510 emersisset,
796 1463 863 1499 ubi
882 1464 956 1512 pri·
984 1475 1039 1501 and
1071 1475 1142 1500 after
1173 1477 1250 1506 great

58 1540 164 1564 mum
198 1527 372 1569 insieco
404 1528 544 1576 potuit,
576 1531 702 1564 castra
734 1527 844 1573 locat,
881 1539 957 1563 cer·
984 1506 1090 1562 iffistgf
1114 1512 1176 1531 ’ΜΠ
1195 1506 1248 1531 and

59 1597 218 1642 tumque
256 1604 325 1641 per
359 1592 576 1641 praemissos
616 1592 876 1641 exploratores
919 1591 1066 1637 habuit,
1109 1592 1247 1628 exerci-

59 1663 143 1693 tum
171 1656 392 1694 Romanum
436 1657 536 1694 circa
572 1656 725 1693 Arretii
754 1655 895 1693 moenia
921 1668 1011 1694 esse.
1071 1656 1249 1693 Consulis
1267 1677 1280 1694 α

57 1721 195 1758 deinde
238 1721 400 1759 consilia
436 1725 554 1770 atque
594 1722 768 1758 animum
802 1724 842 1757 et
887 1720 1007 1757 situm
1046 1721 1247 1770 regionum

57 1785 273 1835 itineraque
298 1790 338 1822 et
360 1786 487 1835 copias
515 1786 564 1823 ad
587 1789 822 1822 commeatus
845 1797 955 1834 expe·
983 1815 1111 1840 marched
1155 1815 1248 1840 soum-

55 1849 217 1887 diendos
244 1854 284 1886 et
308 1854 445 1896 cetera,
477 1863 561 1899 quae
595 1862 776 1899 cognosse
804 1850 845 1886 in
873 1863 954 1886 rem
982 1847 1095 1902 3ζῇζο
1103 1846 1177 1901 ἓξὲξ
1186 1846 1249 1900 ξιξ]

46 1909 149 1962 ἐι-αὑ,
171 1926 322 1952 summa
340 1915 470 1951 omnia
495 1927 583 1951 cum
609 1928 701 1952 cura
722 1914 954 1964 inquirendo
983 1909 1052 1932 “⁰¹¹²
1067 1907 1216 1937 Arretium,

55 1979 346 2028 exsequebatur.
405 1979 529 2029 Regio
560 1984 644 2017 erat
679 1979 722 2016 in
760 1979 896 2029 primis
930 1979 1056 2015 Italiae
1093 1977 1246 2026 fertilis,
1265 1996 1290 2020 3¹

56 2044 211 2081 Etrusci
233 2044 369 2093 campi,
392 2045 461 2094 qui
481 2044 652 2082 Faesulas
677 2045 781 2082 inter
800 2044 1082 2093 Arretiumque
1108 2043 1244 2090 iacent,

56 2109 241 2146 frumenti
260 2121 304 2146 ac
322 2109 470 2159 pecoris
495 2113 535 2146 et
560 2109 735 2146 omnium
761 2109 870 2158 copia
892 2121 1021 2145 rerum
1047 2107 1224 2157 opulenti
1236 2120 1247 2154 3

56 2172 191 2211 consul
214 2172 326 2210 ferox
351 2174 400 2210 ab
423 2174 626 2210 consulatu
650 2174 777 2223 priore
803 2178 842 2211 et
870 2186 950 2210 non
977 2173 1090 2209 modo
1118 2172 1245 2221 legum
1264 2192 1280 2215 4

56 2241 126 2276 aut
155 2239 566 2296 patrum·maiestatis‚
603 2239 670 2276 sed
702 2253 750 2276 ne
779 2240 937 2276 deorum
968 2239 1125 2288 quidem
1153 2238 1247 2275 satis

1273 923 1351 966 με
1366 943 1372 947 -
