<?xml version="1.0" encoding="UTF-8"?>
<!DOCTYPE html PUBLIC "-//W3C//DTD XHTML 1.0 Transitional//EN"
    "http://www.w3.org/TR/xhtml1/DTD/xhtml1-transitional.dtd">
<html xmlns="http://www.w3.org/1999/xhtml" xml:lang="en" lang="en">
 <head>
  <title>
</title>
<meta http-equiv="Content-Type" content="text/html;charset=utf-8" />
  <meta name='ocr-system' content='tesseract 3.04.00' />
  <meta name='ocr-capabilities' content='ocr_page ocr_carea ocr_par ocr_line ocrx_word'/>
</head>
<body>
  <div class='ocr_page' id='page_1' title='image "./booksxxixxiihann00livyuoft_0209.png"; bbox 0 0 1403 2438; ppageno 0'>
   <div class='ocr_carea' id='block_1_1' title="bbox 470 139 1245 179">
    <p class='ocr_par' dir='ltr' id='par_1_1' title="bbox 470 139 1245 179">
     <span class='ocr_line' id='line_1_1' title="bbox 470 139 1245 179; baseline 0 -1"><span class='ocrx_word' id='word_1_1' title='bbox 470 141 641 178; x_wconf 83' lang='lat' dir='ltr'><em>LIBER</em></span> <span class='ocrx_word' id='word_1_2' title='bbox 678 139 818 179; x_wconf 78' lang='lat' dir='ltr'><em>XXII.</em></span> <span class='ocrx_word' id='word_1_3' title='bbox 1171 141 1245 178; x_wconf 80' lang='lat'>143</span> 
     </span>
    </p>
   </div>
   <div class='ocr_carea' id='block_1_2' title="bbox 50 237 1311 2282">
    <p class='ocr_par' dir='ltr' id='par_1_2' title="bbox 50 237 1298 1639">
     <span class='ocr_line' id='line_1_2' title="bbox 54 237 1246 289; baseline -0.002 -13"><span class='ocrx_word' id='word_1_4' title='bbox 54 238 123 289; x_wconf 88' lang='lat' dir='ltr'>qui</span> <span class='ocrx_word' id='word_1_5' title='bbox 149 237 346 287; x_wconf 88' lang='lat' dir='ltr'>hospitum</span> <span class='ocrx_word' id='word_1_6' title='bbox 374 250 536 275; x_wconf 87' lang='lat' dir='ltr'>numero</span> <span class='ocrx_word' id='word_1_7' title='bbox 564 238 736 288; x_wconf 83' lang='lat' dir='ltr'>captivos</span> <span class='ocrx_word' id='word_1_8' title='bbox 765 237 929 276; x_wconf 66' lang='lat' dir='ltr'>habuit?</span> <span class='ocrx_word' id='word_1_9' title='bbox 987 238 1055 275; x_wconf 91' lang='lat' dir='ltr'>An</span> <span class='ocrx_word' id='word_1_10' title='bbox 1084 237 1246 275; x_wconf 83' lang='lat' dir='ltr'>barbaro</span> 
     </span>
     <span class='ocr_line' id='line_1_3' title="bbox 53 301 1246 350; baseline 0.001 -11"><span class='ocrx_word' id='word_1_11' title='bbox 53 314 98 339; x_wconf 77' lang='lat' dir='ltr'>ac</span> <span class='ocrx_word' id='word_1_12' title='bbox 117 301 248 349; x_wconf 86' lang='lat' dir='ltr'>Poeno,</span> <span class='ocrx_word' id='word_1_13' title='bbox 269 302 336 350; x_wconf 89' lang='lat' dir='ltr'>qui</span> <span class='ocrx_word' id='word_1_14' title='bbox 355 306 489 338; x_wconf 83' lang='lat' dir='ltr'>utrum</span> <span class='ocrx_word' id='word_1_15' title='bbox 509 302 662 339; x_wconf 84' lang='lat' dir='ltr'>avarior</span> <span class='ocrx_word' id='word_1_16' title='bbox 687 315 738 339; x_wconf 84' lang='lat' dir='ltr'>an</span> <span class='ocrx_word' id='word_1_17' title='bbox 764 302 955 339; x_wconf 83' lang='lat' dir='ltr'>crudelior</span> <span class='ocrx_word' id='word_1_18' title='bbox 979 302 1041 349; x_wconf 87' lang='lat' dir='ltr'>sit,</span> <span class='ocrx_word' id='word_1_19' title='bbox 1063 302 1131 340; x_wconf 80' lang='lat' dir='ltr'>vix</span> <span class='ocrx_word' id='word_1_20' title='bbox 1151 303 1246 340; x_wconf 89' lang='lat' dir='ltr'>exis-</span> 
     </span>
     <span class='ocr_line' id='line_1_4' title="bbox 52 364 1298 416; baseline 0.002 -14"><span class='ocrx_word' id='word_1_21' title='bbox 52 364 186 402; x_wconf 79' lang='lat' dir='ltr'>timari</span> <span class='ocrx_word' id='word_1_22' title='bbox 213 366 366 414; x_wconf 71' lang='lat' dir='ltr'>potest&#39;l</span> <span class='ocrx_word' id='word_1_23' title='bbox 421 365 463 402; x_wconf 83' lang='lat' dir='ltr'>Si</span> <span class='ocrx_word' id='word_1_24' title='bbox 491 366 657 402; x_wconf 77' lang='lat' dir='ltr'>videatis</span> <span class='ocrx_word' id='word_1_25' title='bbox 685 371 850 412; x_wconf 80' lang='lat' dir='ltr'>catenas,</span> <span class='ocrx_word' id='word_1_26' title='bbox 874 366 1100 416; x_wconf 80' lang='lat' dir='ltr'><strong>squalorem,</strong></span> <span class='ocrx_word' id='word_1_27' title='bbox 1126 367 1247 404; x_wconf 87' lang='lat' dir='ltr'>defor-</span> <span class='ocrx_word' id='word_1_28' title='bbox 1268 387 1298 410; x_wconf 83' lang='lat'>15</span> 
     </span>
     <span class='ocr_line' id='line_1_5' title="bbox 54 430 1248 480; baseline 0.002 -13"><span class='ocrx_word' id='word_1_29' title='bbox 54 430 233 467; x_wconf 74' lang='lat' dir='ltr'>mitatem</span> <span class='ocrx_word' id='word_1_30' title='bbox 253 430 398 467; x_wconf 88' lang='lat' dir='ltr'>civium</span> <span class='ocrx_word' id='word_1_31' title='bbox 419 435 648 479; x_wconf 86' lang='lat' dir='ltr'>vestrorum,</span> <span class='ocrx_word' id='word_1_32' title='bbox 671 444 749 468; x_wconf 90' lang='lat' dir='ltr'>non</span> <span class='ocrx_word' id='word_1_33' title='bbox 770 431 900 468; x_wconf 88' lang='lat' dir='ltr'>minus</span> <span class='ocrx_word' id='word_1_34' title='bbox 926 432 1095 480; x_wconf 87' lang='lat' dir='ltr'>profecto</span> <span class='ocrx_word' id='word_1_35' title='bbox 1114 444 1183 469; x_wconf 85' lang='lat' dir='ltr'>vos</span> <span class='ocrx_word' id='word_1_36' title='bbox 1203 445 1248 469; x_wconf 80' lang='lat' dir='ltr'>ea</span> 
     </span>
     <span class='ocr_line' id='line_1_6' title="bbox 54 495 1247 545; baseline 0.002 -13"><span class='ocrx_word' id='word_1_37' title='bbox 54 495 200 544; x_wconf 86' lang='lat' dir='ltr'>species</span> <span class='ocrx_word' id='word_1_38' title='bbox 218 499 384 541; x_wconf 81' lang='lat' dir='ltr'>moveat,</span> <span class='ocrx_word' id='word_1_39' title='bbox 398 508 514 545; x_wconf 86' lang='lat' dir='ltr'>quam</span> <span class='ocrx_word' id='word_1_40' title='bbox 534 496 567 532; x_wconf 87' lang='lat' dir='ltr'>si</span> <span class='ocrx_word' id='word_1_41' title='bbox 583 509 632 532; x_wconf 74' lang='lat' dir='ltr'>ex</span> <span class='ocrx_word' id='word_1_42' title='bbox 651 495 772 532; x_wconf 81' lang='lat' dir='ltr'>altera</span> <span class='ocrx_word' id='word_1_43' title='bbox 792 500 902 544; x_wconf 83' lang='lat' dir='ltr'>parte</span> <span class='ocrx_word' id='word_1_44' title='bbox 922 496 1087 533; x_wconf 82' lang='lat' dir='ltr'>cernatis</span> <span class='ocrx_word' id='word_1_45' title='bbox 1106 500 1247 534; x_wconf 86' lang='lat' dir='ltr'>stratas</span> 
     </span>
     <span class='ocr_line' id='line_1_7' title="bbox 55 558 1297 610; baseline 0.002 -14"><span class='ocrx_word' id='word_1_46' title='bbox 55 558 323 597; x_wconf 76' lang='lat' dir='ltr'>Cannensibus</span> <span class='ocrx_word' id='word_1_47' title='bbox 342 560 486 609; x_wconf 84' lang='lat' dir='ltr'>campis</span> <span class='ocrx_word' id='word_1_48' title='bbox 505 560 673 609; x_wconf 83' lang='lat' dir='ltr'>legiones</span> <span class='ocrx_word' id='word_1_49' title='bbox 692 564 851 597; x_wconf 81' lang='lat' dir='ltr'>vestras.</span> <span class='ocrx_word' id='word_1_50' title='bbox 909 560 1063 597; x_wconf 91' lang='lat' dir='ltr'>Intueri</span> <span class='ocrx_word' id='word_1_51' title='bbox 1086 561 1246 610; x_wconf 84' lang='lat' dir='ltr'>potestis</span> <span class='ocrx_word' id='word_1_52' title='bbox 1267 575 1297 599; x_wconf 88' lang='lat'>16</span> 
     </span>
     <span class='ocr_line' id='line_1_8' title="bbox 51 622 1245 662; baseline 0 -1"><span class='ocrx_word' id='word_1_53' title='bbox 51 622 354 661; x_wconf 82' lang='lat' dir='ltr'>sollicitudinem</span> <span class='ocrx_word' id='word_1_54' title='bbox 372 628 412 661; x_wconf 89' lang='lat' dir='ltr'>et</span> <span class='ocrx_word' id='word_1_55' title='bbox 430 624 608 661; x_wconf 83' lang='lat' dir='ltr'>lacrimas</span> <span class='ocrx_word' id='word_1_56' title='bbox 633 625 675 660; x_wconf 91' lang='lat' dir='ltr'>in</span> <span class='ocrx_word' id='word_1_57' title='bbox 695 624 888 661; x_wconf 79' lang='lat' dir='ltr'>vestibulo</span> <span class='ocrx_word' id='word_1_58' title='bbox 914 625 1028 662; x_wconf 82' lang='lat' dir='ltr'>curiae</span> <span class='ocrx_word' id='word_1_59' title='bbox 1055 625 1245 662; x_wconf 84' lang='lat' dir='ltr'>stantium</span> 
     </span>
     <span class='ocr_line' id='line_1_9' title="bbox 51 689 1246 739; baseline 0.001 -14"><span class='ocrx_word' id='word_1_60' title='bbox 51 691 302 737; x_wconf 79' lang='lat' dir='ltr'>cognatorum</span> <span class='ocrx_word' id='word_1_61' title='bbox 333 692 554 725; x_wconf 90' lang='lat' dir='ltr'>nostrorum</span> <span class='ocrx_word' id='word_1_62' title='bbox 592 689 980 738; x_wconf 77' lang='lat' dir='ltr'>exspectantiumque</span> <span class='ocrx_word' id='word_1_63' title='bbox 1022 702 1246 739; x_wconf 84' lang='lat' dir='ltr'>responsum</span> 
     </span>
     <span class='ocr_line' id='line_1_10' title="bbox 52 751 1243 803; baseline 0.002 -14"><span class='ocrx_word' id='word_1_64' title='bbox 52 756 238 790; x_wconf 85' lang='lat' dir='ltr'>vestrum.</span> <span class='ocrx_word' id='word_1_65' title='bbox 297 751 427 798; x_wconf 83' lang='lat' dir='ltr'>Quum</span> <span class='ocrx_word' id='word_1_66' title='bbox 456 753 486 790; x_wconf 91' lang='lat' dir='ltr'>ii</span> <span class='ocrx_word' id='word_1_67' title='bbox 512 765 582 803; x_wconf 89' lang='lat' dir='ltr'>pro</span> <span class='ocrx_word' id='word_1_68' title='bbox 605 754 716 790; x_wconf 90' lang='lat' dir='ltr'>nobis</span> <span class='ocrx_word' id='word_1_69' title='bbox 741 766 887 803; x_wconf 85' lang='lat' dir='ltr'>proque</span> <span class='ocrx_word' id='word_1_70' title='bbox 912 754 972 801; x_wconf 85' lang='lat' dir='ltr'>iis,</span> <span class='ocrx_word' id='word_1_71' title='bbox 992 755 1060 803; x_wconf 89' lang='lat' dir='ltr'>qui</span> <span class='ocrx_word' id='word_1_72' title='bbox 1089 755 1243 802; x_wconf 84' lang='lat' dir='ltr'>absunt,</span> 
     </span>
     <span class='ocr_line' id='line_1_11' title="bbox 51 815 1244 868; baseline 0.002 -15"><span class='ocrx_word' id='word_1_73' title='bbox 51 815 110 853; x_wconf 84' lang='lat' dir='ltr'>ita</span> <span class='ocrx_word' id='word_1_74' title='bbox 127 817 303 866; x_wconf 84' lang='lat' dir='ltr'>suspensi</span> <span class='ocrx_word' id='word_1_75' title='bbox 322 830 366 854; x_wconf 86' lang='lat' dir='ltr'>ac</span> <span class='ocrx_word' id='word_1_76' title='bbox 385 817 542 854; x_wconf 76' lang='lat' dir='ltr'>solliciti</span> <span class='ocrx_word' id='word_1_77' title='bbox 561 818 651 864; x_wconf 88' lang='lat' dir='ltr'>sint,</span> <span class='ocrx_word' id='word_1_78' title='bbox 673 831 787 867; x_wconf 91' lang='lat' dir='ltr'>quem</span> <span class='ocrx_word' id='word_1_79' title='bbox 813 818 976 855; x_wconf 82' lang='lat' dir='ltr'>censetis</span> <span class='ocrx_word' id='word_1_80' title='bbox 995 818 1169 855; x_wconf 84' lang='lat' dir='ltr'>animum</span> <span class='ocrx_word' id='word_1_81' title='bbox 1189 819 1244 868; x_wconf 91' lang='lat' dir='ltr'>ip-</span> 
     </span>
     <span class='ocr_line' id='line_1_12' title="bbox 50 882 1241 932; baseline 0.003 -15"><span class='ocrx_word' id='word_1_82' title='bbox 50 892 182 918; x_wconf 88' lang='lat' dir='ltr'>sorum</span> <span class='ocrx_word' id='word_1_83' title='bbox 204 893 294 927; x_wconf 88' lang='lat' dir='ltr'>esse,</span> <span class='ocrx_word' id='word_1_84' title='bbox 317 893 482 930; x_wconf 88' lang='lat' dir='ltr'>quorum</span> <span class='ocrx_word' id='word_1_85' title='bbox 502 882 543 918; x_wconf 92' lang='lat' dir='ltr'>in</span> <span class='ocrx_word' id='word_1_86' title='bbox 562 882 783 919; x_wconf 84' lang='lat' dir='ltr'>discrimine</span> <span class='ocrx_word' id='word_1_87' title='bbox 802 882 885 919; x_wconf 87' lang='lat' dir='ltr'>vita</span> <span class='ocrx_word' id='word_1_88' title='bbox 903 882 1140 932; x_wconf 80' lang='lat' dir='ltr'>libertasque</span> <span class='ocrx_word' id='word_1_89' title='bbox 1160 885 1241 921; x_wconf 70' lang='lat' dir='ltr'>est?</span> 
     </span>
     <span class='ocr_line' id='line_1_13' title="bbox 52 944 1295 995; baseline 0.002 -13"><span class='ocrx_word' id='word_1_90' title='bbox 52 944 105 992; x_wconf 86' lang='lat' dir='ltr'>Si,</span> <span class='ocrx_word' id='word_1_91' title='bbox 123 944 401 993; x_wconf 87' lang='lat' dir='ltr'>mediusfidius,</span> <span class='ocrx_word' id='word_1_92' title='bbox 422 946 503 995; x_wconf 89' lang='lat' dir='ltr'>ipse</span> <span class='ocrx_word' id='word_1_93' title='bbox 523 946 565 982; x_wconf 94' lang='lat' dir='ltr'>in</span> <span class='ocrx_word' id='word_1_94' title='bbox 585 959 654 983; x_wconf 89' lang='lat' dir='ltr'>nos</span> <span class='ocrx_word' id='word_1_95' title='bbox 673 946 780 983; x_wconf 88' lang='lat' dir='ltr'>mitis</span> <span class='ocrx_word' id='word_1_96' title='bbox 800 946 1003 983; x_wconf 73' lang='lat' dir='ltr'>Hannibal</span> <span class='ocrx_word' id='word_1_97' title='bbox 1024 951 1159 984; x_wconf 84' lang='lat' dir='ltr'>contra</span> <span class='ocrx_word' id='word_1_98' title='bbox 1179 961 1238 985; x_wconf 60' lang='lat' dir='ltr'>na„</span> <span class='ocrx_word' id='word_1_99' title='bbox 1264 968 1295 991; x_wconf 72' lang='grc' dir='ltr'>η</span> 
     </span>
     <span class='ocr_line' id='line_1_14' title="bbox 53 1010 1242 1061; baseline 0.003 -15"><span class='ocrx_word' id='word_1_100' title='bbox 53 1013 181 1047; x_wconf 83' lang='lat' dir='ltr'>turam</span> <span class='ocrx_word' id='word_1_101' title='bbox 201 1022 310 1047; x_wconf 85' lang='lat' dir='ltr'>suam</span> <span class='ocrx_word' id='word_1_102' title='bbox 330 1022 410 1047; x_wconf 88' lang='lat' dir='ltr'>esse</span> <span class='ocrx_word' id='word_1_103' title='bbox 429 1011 534 1056; x_wconf 83' lang='lat' dir='ltr'>velit,</span> <span class='ocrx_word' id='word_1_104' title='bbox 557 1010 656 1047; x_wconf 83' lang='lat' dir='ltr'>nihil</span> <span class='ocrx_word' id='word_1_105' title='bbox 676 1015 806 1047; x_wconf 80' lang='lat' dir='ltr'>tamen</span> <span class='ocrx_word' id='word_1_106' title='bbox 823 1011 933 1048; x_wconf 87' lang='lat' dir='ltr'>nobis</span> <span class='ocrx_word' id='word_1_107' title='bbox 947 1011 1030 1048; x_wconf 75' lang='lat' dir='ltr'>vita</span> <span class='ocrx_word' id='word_1_108' title='bbox 1045 1024 1141 1061; x_wconf 89' lang='lat' dir='ltr'>opus</span> <span class='ocrx_word' id='word_1_109' title='bbox 1161 1025 1242 1049; x_wconf 88' lang='lat' dir='ltr'>esse</span> 
     </span>
     <span class='ocr_line' id='line_1_15' title="bbox 51 1073 1244 1127; baseline 0.002 -17"><span class='ocrx_word' id='word_1_110' title='bbox 51 1086 284 1121; x_wconf 84' lang='lat' dir='ltr'>censeamus,</span> <span class='ocrx_word' id='word_1_111' title='bbox 318 1086 438 1122; x_wconf 88' lang='lat' dir='ltr'>quum</span> <span class='ocrx_word' id='word_1_112' title='bbox 471 1073 624 1123; x_wconf 85' lang='lat' dir='ltr'>indigni</span> <span class='ocrx_word' id='word_1_113' title='bbox 654 1077 700 1111; x_wconf 82' lang='lat' dir='ltr'>ut</span> <span class='ocrx_word' id='word_1_114' title='bbox 732 1074 1010 1111; x_wconf 87' lang='lat' dir='ltr'>redimeremur</span> <span class='ocrx_word' id='word_1_115' title='bbox 1047 1073 1101 1127; x_wconf 88' lang='lat' dir='ltr'>[a]</span> <span class='ocrx_word' id='word_1_116' title='bbox 1133 1076 1244 1113; x_wconf 87' lang='lat' dir='ltr'>vobis</span> 
     </span>
     <span class='ocr_line' id='line_1_16' title="bbox 51 1137 1294 1189; baseline 0.003 -15"><span class='ocrx_word' id='word_1_117' title='bbox 51 1138 126 1175; x_wconf 90' lang='lat' dir='ltr'>visi</span> <span class='ocrx_word' id='word_1_118' title='bbox 137 1138 267 1177; x_wconf 84' lang='lat' dir='ltr'>simus.</span> <span class='ocrx_word' id='word_1_119' title='bbox 309 1137 477 1175; x_wconf 86' lang='lat' dir='ltr'>Rediere</span> <span class='ocrx_word' id='word_1_120' title='bbox 493 1138 660 1176; x_wconf 85' lang='lat' dir='ltr'>Romam</span> <span class='ocrx_word' id='word_1_121' title='bbox 675 1139 870 1189; x_wconf 77' lang='lat' dir='ltr'>quondam</span> <span class='ocrx_word' id='word_1_122' title='bbox 885 1139 1035 1176; x_wconf 80' lang='lat' dir='ltr'>remissi</span> <span class='ocrx_word' id='word_1_123' title='bbox 1055 1152 1078 1176; x_wconf 87' lang='lat' dir='ltr'>a</span> <span class='ocrx_word' id='word_1_124' title='bbox 1092 1140 1243 1188; x_wconf 82' lang='lat' dir='ltr'>Pyrrho</span> <span class='ocrx_word' id='word_1_125' title='bbox 1265 1155 1294 1179; x_wconf 82' lang='lat'>18</span> 
     </span>
     <span class='ocr_line' id='line_1_17' title="bbox 51 1203 1243 1253; baseline 0.002 -13"><span class='ocrx_word' id='word_1_126' title='bbox 51 1203 135 1240; x_wconf 87' lang='lat' dir='ltr'>sine</span> <span class='ocrx_word' id='word_1_127' title='bbox 153 1203 278 1252; x_wconf 88' lang='lat' dir='ltr'>pretio</span> <span class='ocrx_word' id='word_1_128' title='bbox 303 1203 406 1252; x_wconf 86' lang='lat' dir='ltr'>capti</span> <span class='ocrx_word' id='word_1_129' title='bbox 420 1215 431 1250; x_wconf 80' lang='lat'><em>3</em></span> <span class='ocrx_word' id='word_1_130' title='bbox 462 1203 528 1240; x_wconf 87' lang='lat' dir='ltr'>sed</span> <span class='ocrx_word' id='word_1_131' title='bbox 551 1203 698 1240; x_wconf 88' lang='lat' dir='ltr'>rediere</span> <span class='ocrx_word' id='word_1_132' title='bbox 724 1216 812 1240; x_wconf 90' lang='lat' dir='ltr'>cum</span> <span class='ocrx_word' id='word_1_133' title='bbox 839 1203 988 1253; x_wconf 84' lang='lat' dir='ltr'>legatis,</span> <span class='ocrx_word' id='word_1_134' title='bbox 1010 1204 1243 1253; x_wconf 86' lang='lat' dir='ltr'>primoribus</span> 
     </span>
     <span class='ocr_line' id='line_1_18' title="bbox 51 1267 1244 1318; baseline 0.002 -14"><span class='ocrx_word' id='word_1_135' title='bbox 51 1267 233 1315; x_wconf 87' lang='lat' dir='ltr'>civitatis,</span> <span class='ocrx_word' id='word_1_136' title='bbox 254 1267 304 1304; x_wconf 77' lang='lat' dir='ltr'>ad</span> <span class='ocrx_word' id='word_1_137' title='bbox 331 1267 575 1304; x_wconf 86' lang='lat' dir='ltr'>redimendos</span> <span class='ocrx_word' id='word_1_138' title='bbox 603 1281 684 1305; x_wconf 90' lang='lat' dir='ltr'>sese</span> <span class='ocrx_word' id='word_1_139' title='bbox 711 1268 849 1305; x_wconf 81' lang='lat' dir='ltr'>missis.</span> <span class='ocrx_word' id='word_1_140' title='bbox 909 1268 1082 1305; x_wconf 85' lang='lat' dir='ltr'>Redeam</span> <span class='ocrx_word' id='word_1_141' title='bbox 1110 1281 1179 1318; x_wconf 86' lang='lat' dir='ltr'>ego</span> <span class='ocrx_word' id='word_1_142' title='bbox 1201 1269 1244 1306; x_wconf 90' lang='lat' dir='ltr'>in</span> 
     </span>
     <span class='ocr_line' id='line_1_19' title="bbox 52 1331 1244 1381; baseline 0.002 -13"><span class='ocrx_word' id='word_1_143' title='bbox 52 1331 218 1381; x_wconf 85' lang='lat' dir='ltr'>patriam</span> <span class='ocrx_word' id='word_1_144' title='bbox 236 1331 420 1369; x_wconf 70' lang='lat' dir='ltr'>trecentis</span> <span class='ocrx_word' id='word_1_145' title='bbox 438 1331 609 1369; x_wconf 87' lang='lat' dir='ltr'>nummis</span> <span class='ocrx_word' id='word_1_146' title='bbox 627 1345 706 1369; x_wconf 88' lang='lat' dir='ltr'>non</span> <span class='ocrx_word' id='word_1_147' title='bbox 725 1333 939 1370; x_wconf 83' lang='lat' dir='ltr'>aestimatus</span> <span class='ocrx_word' id='word_1_148' title='bbox 957 1333 1079 1371; x_wconf 65' lang='lat' dir='ltr'>civis?</span> <span class='ocrx_word' id='word_1_149' title='bbox 1120 1333 1244 1370; x_wconf 82' lang='lat' dir='ltr'>Suum</span> 
     </span>
     <span class='ocr_line' id='line_1_20' title="bbox 51 1395 1293 1446; baseline 0.001 -14"><span class='ocrx_word' id='word_1_150' title='bbox 51 1397 213 1446; x_wconf 88' lang='lat' dir='ltr'>quisque</span> <span class='ocrx_word' id='word_1_151' title='bbox 231 1395 339 1434; x_wconf 71' lang='lat' dir='ltr'>habet</span> <span class='ocrx_word' id='word_1_152' title='bbox 357 1396 542 1442; x_wconf 85' lang='lat' dir='ltr'>animum,</span> <span class='ocrx_word' id='word_1_153' title='bbox 565 1401 693 1445; x_wconf 84' lang='lat' dir='ltr'>patres</span> <span class='ocrx_word' id='word_1_154' title='bbox 713 1396 930 1446; x_wconf 87' lang='lat' dir='ltr'>conscripti.</span> <span class='ocrx_word' id='word_1_155' title='bbox 990 1397 1088 1445; x_wconf 81' lang='lat' dir='ltr'>Scio,</span> <span class='ocrx_word' id='word_1_156' title='bbox 1109 1397 1150 1434; x_wconf 90' lang='lat' dir='ltr'>in</span> <span class='ocrx_word' id='word_1_157' title='bbox 1170 1398 1243 1435; x_wconf 88' lang='lat' dir='ltr'>dis·</span> <span class='ocrx_word' id='word_1_158' title='bbox 1263 1417 1293 1441; x_wconf 87' lang='lat'>19</span> 
     </span>
     <span class='ocr_line' id='line_1_21' title="bbox 51 1460 1243 1512; baseline 0.002 -16"><span class='ocrx_word' id='word_1_159' title='bbox 51 1460 212 1497; x_wconf 88' lang='lat' dir='ltr'>crimine</span> <span class='ocrx_word' id='word_1_160' title='bbox 223 1472 303 1497; x_wconf 87' lang='lat' dir='ltr'>esse</span> <span class='ocrx_word' id='word_1_161' title='bbox 315 1460 437 1496; x_wconf 86' lang='lat' dir='ltr'>vitam</span> <span class='ocrx_word' id='word_1_162' title='bbox 451 1472 663 1510; x_wconf 86' lang='lat' dir='ltr'>corpusque</span> <span class='ocrx_word' id='word_1_163' title='bbox 677 1473 826 1508; x_wconf 83' lang='lat' dir='ltr'>meum;</span> <span class='ocrx_word' id='word_1_164' title='bbox 847 1460 969 1510; x_wconf 84' lang='lat' dir='ltr'>magis</span> <span class='ocrx_word' id='word_1_165' title='bbox 983 1474 1042 1498; x_wconf 90' lang='lat' dir='ltr'>me</span> <span class='ocrx_word' id='word_1_166' title='bbox 1059 1461 1169 1499; x_wconf 79' lang='lat' dir='ltr'>famae</span> <span class='ocrx_word' id='word_1_167' title='bbox 1182 1475 1243 1512; x_wconf 88' lang='lat' dir='ltr'>pe-</span> 
     </span>
     <span class='ocr_line' id='line_1_22' title="bbox 51 1524 1242 1574; baseline 0.002 -13"><span class='ocrx_word' id='word_1_168' title='bbox 51 1524 219 1562; x_wconf 88' lang='lat' dir='ltr'>riculum</span> <span class='ocrx_word' id='word_1_169' title='bbox 239 1528 379 1571; x_wconf 86' lang='lat' dir='ltr'>movet,</span> <span class='ocrx_word' id='word_1_170' title='bbox 399 1537 448 1561; x_wconf 89' lang='lat' dir='ltr'>ne</span> <span class='ocrx_word' id='word_1_171' title='bbox 467 1537 490 1561; x_wconf 87' lang='lat' dir='ltr'>a</span> <span class='ocrx_word' id='word_1_172' title='bbox 506 1525 614 1561; x_wconf 77' lang='lat' dir='ltr'>vobis</span> <span class='ocrx_word' id='word_1_173' title='bbox 629 1525 804 1561; x_wconf 84' lang='lat' dir='ltr'>damnati</span> <span class='ocrx_word' id='word_1_174' title='bbox 823 1538 866 1561; x_wconf 86' lang='lat' dir='ltr'>ac</span> <span class='ocrx_word' id='word_1_175' title='bbox 881 1525 1026 1574; x_wconf 86' lang='lat' dir='ltr'>repulsi</span> <span class='ocrx_word' id='word_1_176' title='bbox 1041 1526 1221 1563; x_wconf 78' lang='lat' dir='ltr'>abeamus</span> <span class='ocrx_word' id='word_1_177' title='bbox 1230 1539 1242 1574; x_wconf 72' lang='lat'>5</span> 
     </span>
     <span class='ocr_line' id='line_1_23' title="bbox 50 1589 1169 1639; baseline 0.002 -12"><span class='ocrx_word' id='word_1_178' title='bbox 50 1602 177 1638; x_wconf 88' lang='lat' dir='ltr'>neque</span> <span class='ocrx_word' id='word_1_179' title='bbox 195 1589 299 1626; x_wconf 88' lang='lat' dir='ltr'>enim</span> <span class='ocrx_word' id='word_1_180' title='bbox 319 1602 387 1626; x_wconf 88' lang='lat' dir='ltr'>vos</span> <span class='ocrx_word' id='word_1_181' title='bbox 406 1589 531 1638; x_wconf 79' lang='lat' dir='ltr'>pretio</span> <span class='ocrx_word' id='word_1_182' title='bbox 551 1590 763 1639; x_wconf 83' lang='lat' dir='ltr'>pepercisse</span> <span class='ocrx_word' id='word_1_183' title='bbox 784 1589 958 1627; x_wconf 88' lang='lat' dir='ltr'>homines</span> <span class='ocrx_word' id='word_1_184' title='bbox 978 1590 1169 1629; x_wconf 75' lang='lat' dir='ltr'>credent.&#39;&#39;</span> 
     </span>
    </p>

    <p class='ocr_par' dir='ltr' id='par_1_3' title="bbox 51 1653 1311 2282">
     <span class='ocr_line' id='line_1_24' title="bbox 131 1653 1311 1705; baseline 0.003 -15"><span class='ocrx_word' id='word_1_185' title='bbox 131 1653 215 1690; x_wconf 88' lang='lat' dir='ltr'>Ubi</span> <span class='ocrx_word' id='word_1_186' title='bbox 243 1653 278 1690; x_wconf 90' lang='lat' dir='ltr'>is</span> <span class='ocrx_word' id='word_1_187' title='bbox 299 1653 417 1690; x_wconf 86' lang='lat' dir='ltr'>finem</span> <span class='ocrx_word' id='word_1_188' title='bbox 440 1653 543 1700; x_wconf 86' lang='lat' dir='ltr'>fecit,</span> <span class='ocrx_word' id='word_1_189' title='bbox 566 1654 761 1703; x_wconf 80' lang='lat' dir='ltr'>extemplo</span> <span class='ocrx_word' id='word_1_190' title='bbox 789 1654 837 1691; x_wconf 84' lang='lat' dir='ltr'>ab</span> <span class='ocrx_word' id='word_1_191' title='bbox 863 1667 907 1691; x_wconf 86' lang='lat' dir='ltr'>ea</span> <span class='ocrx_word' id='word_1_192' title='bbox 931 1655 1058 1702; x_wconf 84' lang='lat' dir='ltr'>turba,</span> <span class='ocrx_word' id='word_1_193' title='bbox 1089 1668 1173 1705; x_wconf 82' lang='lat' dir='ltr'>quae</span> <span class='ocrx_word' id='word_1_194' title='bbox 1201 1657 1242 1693; x_wconf 91' lang='lat' dir='ltr'>in</span> <span class='ocrx_word' id='word_1_195' title='bbox 1262 1661 1311 1699; x_wconf 87' lang='lat'>60</span> 
     </span>
     <span class='ocr_line' id='line_1_25' title="bbox 51 1717 1242 1769; baseline 0.002 -14"><span class='ocrx_word' id='word_1_196' title='bbox 51 1717 208 1755; x_wconf 88' lang='lat' dir='ltr'>comitio</span> <span class='ocrx_word' id='word_1_197' title='bbox 238 1721 332 1765; x_wconf 83' lang='lat' dir='ltr'>erat,</span> <span class='ocrx_word' id='word_1_198' title='bbox 367 1718 511 1754; x_wconf 87' lang='lat' dir='ltr'>clamor</span> <span class='ocrx_word' id='word_1_199' title='bbox 543 1717 682 1755; x_wconf 85' lang='lat' dir='ltr'>flebilis</span> <span class='ocrx_word' id='word_1_200' title='bbox 719 1722 779 1755; x_wconf 81' lang='lat' dir='ltr'>est</span> <span class='ocrx_word' id='word_1_201' title='bbox 815 1718 1002 1765; x_wconf 85' lang='lat' dir='ltr'>sublatus,</span> <span class='ocrx_word' id='word_1_202' title='bbox 1029 1732 1242 1769; x_wconf 85' lang='lat' dir='ltr'>manusque</span> 
     </span>
     <span class='ocr_line' id='line_1_26' title="bbox 51 1779 1239 1830; baseline 0.002 -12"><span class='ocrx_word' id='word_1_203' title='bbox 51 1780 101 1818; x_wconf 82' lang='lat' dir='ltr'>ad</span> <span class='ocrx_word' id='word_1_204' title='bbox 130 1779 277 1818; x_wconf 83' lang='lat' dir='ltr'>curiam</span> <span class='ocrx_word' id='word_1_205' title='bbox 303 1781 517 1818; x_wconf 81' lang='lat' dir='ltr'>tendebant</span> <span class='ocrx_word' id='word_1_206' title='bbox 544 1786 709 1829; x_wconf 82' lang='lat' dir='ltr'>orantes,</span> <span class='ocrx_word' id='word_1_207' title='bbox 739 1786 785 1819; x_wconf 83' lang='lat' dir='ltr'>ut</span> <span class='ocrx_word' id='word_1_208' title='bbox 813 1781 888 1819; x_wconf 84' lang='lat' dir='ltr'>sibi</span> <span class='ocrx_word' id='word_1_209' title='bbox 915 1781 1065 1830; x_wconf 86' lang='lat' dir='ltr'>liberos,</span> <span class='ocrx_word' id='word_1_210' title='bbox 1091 1783 1239 1830; x_wconf 81' lang='lat' dir='ltr'>fratres,</span> 
     </span>
     <span class='ocr_line' id='line_1_27' title="bbox 51 1845 1276 1896; baseline 0.002 -14"><span class='ocrx_word' id='word_1_211' title='bbox 51 1849 233 1895; x_wconf 85' lang='lat' dir='ltr'>cognatos</span> <span class='ocrx_word' id='word_1_212' title='bbox 251 1845 466 1884; x_wconf 87' lang='lat' dir='ltr'>redderent.</span> <span class='ocrx_word' id='word_1_213' title='bbox 525 1845 707 1882; x_wconf 80' lang='lat' dir='ltr'>Feminas</span> <span class='ocrx_word' id='word_1_214' title='bbox 733 1858 885 1896; x_wconf 89' lang='lat' dir='ltr'>quoque</span> <span class='ocrx_word' id='word_1_215' title='bbox 910 1850 1037 1883; x_wconf 87' lang='lat' dir='ltr'>metus</span> <span class='ocrx_word' id='word_1_216' title='bbox 1055 1859 1099 1884; x_wconf 86' lang='lat' dir='ltr'>ac</span> <span class='ocrx_word' id='word_1_217' title='bbox 1117 1860 1243 1884; x_wconf 88' lang='lat' dir='ltr'>neces-</span> <span class='ocrx_word' id='word_1_218' title='bbox 1261 1871 1276 1888; x_wconf 79' lang='lat'>2</span> 
     </span>
     <span class='ocr_line' id='line_1_28' title="bbox 51 1907 1243 1947; baseline 0.001 -2"><span class='ocrx_word' id='word_1_219' title='bbox 51 1909 146 1945; x_wconf 87' lang='lat' dir='ltr'>sitas</span> <span class='ocrx_word' id='word_1_220' title='bbox 164 1907 207 1944; x_wconf 91' lang='lat' dir='ltr'>in</span> <span class='ocrx_word' id='word_1_221' title='bbox 226 1908 308 1945; x_wconf 86' lang='lat' dir='ltr'>foro</span> <span class='ocrx_word' id='word_1_222' title='bbox 323 1909 447 1945; x_wconf 81' lang='lat' dir='ltr'>turbae</span> <span class='ocrx_word' id='word_1_223' title='bbox 462 1908 634 1946; x_wconf 87' lang='lat' dir='ltr'>virorum</span> <span class='ocrx_word' id='word_1_224' title='bbox 653 1910 924 1947; x_wconf 83' lang='lat' dir='ltr'>immiscuerat.</span> <span class='ocrx_word' id='word_1_225' title='bbox 963 1909 1129 1947; x_wconf 83' lang='lat' dir='ltr'>Senatus</span> <span class='ocrx_word' id='word_1_226' title='bbox 1143 1922 1243 1947; x_wconf 83' lang='lat' dir='ltr'>sum-</span> 
     </span>
     <span class='ocr_line' id='line_1_29' title="bbox 51 1973 1275 2023; baseline 0.001 -13"><span class='ocrx_word' id='word_1_227' title='bbox 51 1973 168 2010; x_wconf 92' lang='lat' dir='ltr'>motis</span> <span class='ocrx_word' id='word_1_228' title='bbox 197 1973 356 2011; x_wconf 80' lang='lat' dir='ltr'>arbitris</span> <span class='ocrx_word' id='word_1_229' title='bbox 388 1973 536 2010; x_wconf 89' lang='lat' dir='ltr'>consuli</span> <span class='ocrx_word' id='word_1_230' title='bbox 569 1978 725 2023; x_wconf 84' lang='lat' dir='ltr'>coeptus.</span> <span class='ocrx_word' id='word_1_231' title='bbox 793 1974 857 2011; x_wconf 91' lang='lat' dir='ltr'>Ibi</span> <span class='ocrx_word' id='word_1_232' title='bbox 887 1987 1006 2023; x_wconf 91' lang='lat' dir='ltr'>quum</span> <span class='ocrx_word' id='word_1_233' title='bbox 1040 1975 1242 2012; x_wconf 85' lang='lat' dir='ltr'>sententiis</span> <span class='ocrx_word' id='word_1_234' title='bbox 1260 1995 1275 2019; x_wconf 87' lang='lat'>3</span> 
     </span>
     <span class='ocr_line' id='line_1_30' title="bbox 51 2037 1243 2089; baseline 0.002 -15"><span class='ocrx_word' id='word_1_235' title='bbox 51 2037 279 2085; x_wconf 84' lang='lat' dir='ltr'>variaretur,</span> <span class='ocrx_word' id='word_1_236' title='bbox 303 2041 344 2074; x_wconf 86' lang='lat' dir='ltr'>et</span> <span class='ocrx_word' id='word_1_237' title='bbox 370 2037 438 2074; x_wconf 86' lang='lat' dir='ltr'>alii</span> <span class='ocrx_word' id='word_1_238' title='bbox 465 2038 708 2076; x_wconf 87' lang='lat' dir='ltr'>redimendos</span> <span class='ocrx_word' id='word_1_239' title='bbox 733 2039 781 2076; x_wconf 89' lang='lat' dir='ltr'>de</span> <span class='ocrx_word' id='word_1_240' title='bbox 806 2039 971 2089; x_wconf 87' lang='lat' dir='ltr'>publico,</span> <span class='ocrx_word' id='word_1_241' title='bbox 1000 2039 1066 2076; x_wconf 84' lang='lat' dir='ltr'>alii</span> <span class='ocrx_word' id='word_1_242' title='bbox 1094 2038 1243 2076; x_wconf 81' lang='lat' dir='ltr'>nullam</span> 
     </span>
     <span class='ocr_line' id='line_1_31' title="bbox 51 2102 1242 2153; baseline 0.001 -14"><span class='ocrx_word' id='word_1_243' title='bbox 51 2102 204 2152; x_wconf 87' lang='lat' dir='ltr'>publice</span> <span class='ocrx_word' id='word_1_244' title='bbox 231 2102 444 2152; x_wconf 85' lang='lat' dir='ltr'>impensam</span> <span class='ocrx_word' id='word_1_245' title='bbox 469 2103 685 2141; x_wconf 87' lang='lat' dir='ltr'>faciendam</span> <span class='ocrx_word' id='word_1_246' title='bbox 715 2116 784 2140; x_wconf 90' lang='lat' dir='ltr'>nec</span> <span class='ocrx_word' id='word_1_247' title='bbox 808 2103 1067 2153; x_wconf 85' lang='lat' dir='ltr'>prohibendos</span> <span class='ocrx_word' id='word_1_248' title='bbox 1093 2115 1142 2140; x_wconf 83' lang='lat' dir='ltr'>ex</span> <span class='ocrx_word' id='word_1_249' title='bbox 1166 2103 1242 2153; x_wconf 90' lang='lat' dir='ltr'>pri-</span> 
     </span>
     <span class='ocr_line' id='line_1_32' title="bbox 53 2166 1276 2218; baseline 0.002 -15"><span class='ocrx_word' id='word_1_250' title='bbox 53 2171 142 2203; x_wconf 82' lang='lat' dir='ltr'>vato</span> <span class='ocrx_word' id='word_1_251' title='bbox 161 2166 299 2204; x_wconf 86' lang='lat' dir='ltr'>redimi</span> <span class='ocrx_word' id='word_1_252' title='bbox 313 2179 324 2214; x_wconf 76' lang='lat'>3</span> <span class='ocrx_word' id='word_1_253' title='bbox 352 2166 385 2203; x_wconf 91' lang='lat' dir='ltr'>si</span> <span class='ocrx_word' id='word_1_254' title='bbox 404 2167 544 2216; x_wconf 89' lang='lat' dir='ltr'>quibus</span> <span class='ocrx_word' id='word_1_255' title='bbox 563 2172 767 2217; x_wconf 88' lang='lat' dir='ltr'>argentum</span> <span class='ocrx_word' id='word_1_256' title='bbox 792 2169 834 2205; x_wconf 90' lang='lat' dir='ltr'>in</span> <span class='ocrx_word' id='word_1_257' title='bbox 859 2168 1064 2218; x_wconf 70' lang='lat' dir='ltr'>praesentia</span> <span class='ocrx_word' id='word_1_258' title='bbox 1083 2167 1239 2215; x_wconf 83' lang='lat' dir='ltr'>deesset,</span> <span class='ocrx_word' id='word_1_259' title='bbox 1259 2189 1276 2215; x_wconf 77' lang='lat'>4</span> 
     </span>
     <span class='ocr_line' id='line_1_33' title="bbox 51 2231 1243 2282; baseline 0.002 -14"><span class='ocrx_word' id='word_1_260' title='bbox 51 2231 216 2269; x_wconf 82' lang='lat' dir='ltr'>dandam</span> <span class='ocrx_word' id='word_1_261' title='bbox 243 2244 293 2268; x_wconf 83' lang='lat' dir='ltr'>ex</span> <span class='ocrx_word' id='word_1_262' title='bbox 318 2232 452 2269; x_wconf 84' lang='lat' dir='ltr'>aerario</span> <span class='ocrx_word' id='word_1_263' title='bbox 478 2232 680 2282; x_wconf 82' lang='lat' dir='ltr'>pecuniam</span> <span class='ocrx_word' id='word_1_264' title='bbox 707 2238 882 2269; x_wconf 80' lang='lat' dir='ltr'>mutuam</span> <span class='ocrx_word' id='word_1_265' title='bbox 905 2231 1174 2282; x_wconf 68' lang='lat' dir='ltr'>praedibusque</span> <span class='ocrx_word' id='word_1_266' title='bbox 1199 2245 1243 2270; x_wconf 80' lang='lat' dir='ltr'>ac</span> 
     </span>
    </p>
   </div>
  </div>
 </body>
</html>
