1455 2454
99 171 148 208 26
618 167 772 206 LIVII

99 269 199 306 circa
241 268 392 306 Padum
426 266 664 304 Placentiam
703 266 1004 314 Cremonamque
1035 266 1200 304 colonias
1238 266 1282 303 in

67 350 81 373 3
101 346 236 382 agrum
265 332 457 369 Gallicum
490 330 674 367 deductas
703 342 801 378 aegre
829 329 1086 378 patiebantur.
1143 331 1283 380 Itaque

101 398 216 434 armis
243 400 400 446 repente
428 395 601 444 arreptis,
632 394 675 430 in
703 406 792 430 euin
819 394 945 442 ipsum
973 407 1104 443 agrum
1134 395 1282 445 impetu

102 463 211 508 facto,
247 465 403 497 tantum
435 459 591 496 terroris
624 471 667 496 ac
700 458 892 495 tumultus
925 459 1108 505 fecerunt,
1134 463 1179 496 ut
1206 472 1284 495 non

102 525 262 574 agrestis
290 525 402 561 modo
432 524 654 569 multitudo,
685 524 750 560 sed
778 523 852 572 ipsi
879 523 1076 559 triumviri
1105 523 1282 570 Romani,

103 590 170 639 qui
189 589 237 626 ad
255 602 390 639 agrum
409 592 596 625 venerant
621 589 905 637 assignandum,
935 588 1049 624 diffisi
1077 587 1284 625 Placentiae

103 654 292 691 moenibus
323 653 521 690 Mutinam
553 653 806 701 confugerint,
837 652 876 689 O.
909 652 1100 700 Lutatius,
1133 652 1173 690 G.
1205 652 1297 689 Ser--

72 733 84 756 4
106 718 231 764 vilius,
276 717 331 754 M.
364 717 533 754 Annius.
606 716 757 753 Lutatii
803 729 943 753 nomen
985 716 1089 753 haud
1125 716 1287 753 dubium

106 787 184 829 est3
215 795 284 832 pro
303 782 436 818 Annio
457 781 697 829 Servilioque
718 780 781 817 M'.
807 780 980 817 Acilium
1006 784 1045 816 et
1068 780 1108 817 O.
1139 780 1290 817 Heren-

106 848 213 883 nium
242 847 387 883 habent
415 845 572 894 quidam
600 845 768 891 annales,
796 844 864 880 alii
893 844 935 881 P.
966 844 1187 881 Cornelium
1207 844 1290 880 Asi-

75 923 89 946 5
108 924 196 947 nam
227 914 265 947 et
294 909 334 947 C.
368 908 568 957 Papirium
601 908 812 944 Masonem.
870 907 919 945 Id
949 921 1100 957 quoque
1129 907 1290 947 dubium

108 982 176 1022 est,
208 974 326 1024 legati
357 974 405 1010 ad
438 972 765 1021 expostulandum
793 972 901 1009 missi
929 973 978 1009 ad
1009 972 1124 1009 Boios
1155 972 1291 1009 violati

109 1040 198 1085 sint,
236 1052 287 1076 an
323 1039 365 1074 in
398 1037 621 1074 triumviros
658 1050 792 1085 agrum
825 1041 1014 1073 metantes
1045 1037 1213 1086 impetus
1242 1036 1294 1074 sit

78 1117 93 1140 6
109 1104 243 1140 factus.
300 1102 468 1139 Mutinae
489 1114 607 1150 quum
632 1101 899 1138 obsiderentur
918 1105 957 1138 et
975 1113 1067 1150 gens
1086 1101 1134 1137 ad.
1153 1113 1294 1150 oppug-

110 1167 326 1204 nandarum
364 1166 519 1202 urbium
557 1169 659 1202 artes
691 1165 808 1209 rudis,
841 1155 1048 1214 pigerrima
1084 1165 1216 1201 eadem
1246 1165 1295 1201 ad

111 1231 296 1268 militaria
324 1243 447 1279 opera,
478 1230 604 1279 segnis
632 1230 787 1266 intactis
815 1230 998 1266 assideret
1025 1230 1157 1276 muris,
1181 1229 1297 1266 simu·

80 1319 95 1342 7
112 1296 184 1333 lari
216 1299 382 1344 coeptum
415 1294 461 1331 de
498 1307 588 1343 paee
626 1294 687 1343 agi
701 1308 711 1341 3
758 1294 983 1342 avocatique
1014 1293 1062 1330 ab
1097 1293 1298 1330 Gallorum
1341 1305 1344 1308 ’
1396 1297 1400 1301 ’

113 1360 351 1410 principibus
370 1359 487 1408 legati
508 1359 556 1394 ad
576 1358 807 1407 colloquium
831 1371 909 1394 non
937 1361 1070 1394 eontra
1097 1358 1158 1394 ius
1185 1358 1298 1395 modo

115 1425 300 1474 gentium,
331 1424 396 1460 sed
429 1423 574 1459 violata
606 1422 733 1468 etiam,
767 1435 850 1472 quae
883 1422 973 1459 data
1001 1422 1043 1458 in
1074 1422 1115 1458 id
1147 1425 1300 1471 tempus

117 1492 209 1534 erat,
249 1488 324 1524 fide
361 1487 748 1536 comprehenduntur,
788 1487 1019 1536 negantibus
1057 1486 1192 1533 Gallis,
1223 1486 1302 1523 nisi

84 1567 99 1591 ε
118 1552 267 1589 obsides
293 1551 367 1588 sibi
389 1551 651 1597 redderentur,
681 1563 745 1587 eos
773 1551 1005 1589 dimissuros,
1065 1549 1194 1595 Quum
1221 1550 1303 1588 haec

118 1617 165 1653 de
185 1617 320 1665 legatis
339 1616 522 1652 nuntiata
541 1618 668 1651 essent
691 1619 730 1651 et
754 1614 913 1650 Mutina
941 1614 1239 1663 praesidiumque
1260 1614 1303 1651 in

119 1681 287 1730 periculo
306 1684 413 1722 esset,
436 1680 478 1716 L.
501 1679 675 1715 Manlius
694 1683 834 1727 praetor
856 1678 914 1715 ira
937 1691 1117 1715 accensus
1140 1679 1309 1715 effusum-

86 1769 103 1794 9
121 1757 257 1794 agmen
289 1744 338 1781 ad
376 1744 571 1780 Mutinam
611 1743 726 1780 ducit.
785 1743 900 1779 Silvae
937 1746 1030 1779 tune
1067 1742 1166 1779 circa
1202 1743 1305 1778 viam

121 1813 242 1855 erant,
264 1808 455 1857 plerisque
475 1807 641 1843 incultis.
701 1807 763 1844 Ibi
784 1807 1027 1856 inexplorato
1053 1807 1244 1855 profectus
1264 1806 1307 1842 in

121 1873 281 1910 insidias
301 1872 525 1921 praecipitat,
553 1872 753 1920 multaque
781 1884 869 1907 eum
898 1871 996 1907 caede
1025 1883 1182 1907 suorum
1210 1882 1308 1919 aegre

76 1963 106 1979 20
122 1939 165 1974 in
183 1941 336 1986 apertos
356 1949 507 1984 campos
531 1935 696 1972 emersit.
754 1935 818 1971 Ibi
846 1939 969 1971 castra
994 1934 1229 1971 communita
1256 1937 1306 1980 et,

124 2003 215 2052 quia
245 2001 366 2039 Gallis
398 2001 446 2036 ad
476 2000 663 2036 tentanda
691 2012 735 2036 ea
768 1999 892 2035 defuit
921 2011 1016 2048 spes,
1051 1998 1185 2035 refecti
1216 2001 1310 2035 sunt

126 2067 295 2103 militum
315 2064 445 2110 animi,
467 2076 689 2113 quanquam
708 2063 757 2100 ad
776 2063 999 2111 quinqentos
1017 2062 1198 2099 cecidisse
1217 2061 1310 2098 satis

79 2155 103 2171 ῃ
127 2130 336 2168 constabat.
395 2128 478 2165 Iter
506 2128 643 2164 deinde
667 2128 713 2164 de
739 2128 890 2175 integro
917 2130 1095 2175 coeptum,
1116 2138 1195 2172 neo,
1217 2125 1310 2161 dum

127 2207 195 2244 per
226 2192 400 2242 patentia
432 2192 514 2228 loca
543 2192 755 2228 ducebatur
782 2203 931 2239 agmen,
961 2190 1141 2239 apparuit
1169 2189 1310 2234 hostis;

81 2279 108 2295 η
129 2259 192 2296 ubi
223 2270 356 2294 rursus
383 2257 488 2293 silvae
516 2256 680 2303 intratae,
711 2259 794 2292 tum
825 2259 1036 2304 postremos
1069 2253 1195 2290 adorti
1223 2265 1311 2290 oum
