1434 2402
137 98 210 135 128
655 94 800 130 LIVII

136 197 217 232 sine
238 195 491 238 mucronibus,
516 193 703 240 Hispano,
723 192 897 241 punctim
920 192 1041 240 magis
1061 205 1175 241 quam
1197 192 1320 228 caesim

135 264 286 296 assueto
307 262 434 307 petere
455 257 614 303 hostem,
632 256 822 293 brevitate
842 256 990 293 habiles
1010 261 1049 293 et
1069 269 1154 292 cum
1175 270 1321 294 mucro-

135 324 257 359 nibus.
313 323 418 357 Ante
438 321 532 357 alios
551 321 707 357 habitus
726 321 900 371 gentium
922 321 1059 357 harum
1081 334 1199 370 quum
1220 334 1322 371 mag-

103 387 311 423 6nitudine
345 398 556 434 corporum,
588 390 671 421 tum
702 386 825 434 specie
854 385 1038 422 terribilis
1071 389 1177 422 erat:
1218 385 1321 422 Galli

133 463 248 499 super
266 450 493 486 umbilicum
514 454 624 486 erant
644 451 739 486 nudi
747 464 757 497 3
783 450 952 499 Hispani
973 450 1103 486 linteis
1123 450 1321 499 praetextis

134 528 303 564 purpura
322 515 475 561 tunicis,
491 515 653 551 candore
674 515 770 550 miro
790 514 1039 563 fulgentibus,
1055 514 1317 550 constiterant.

134 580 331 616 Numerus
351 580 522 616 omnium
544 580 728 628 peditum,
751 580 817 629 qui
838 586 922 615 tum
943 583 1136 616 steterunt
1160 579 1201 615 in
1227 579 1318 624 acie,

103 664 114 686 7
133 645 297 680 millium
337 644 412 680 fuit
455 644 722 693 quadraginta,
761 644 890 680 decem
929 644 1113 693 equitum.
1192 643 1321 680 Duces

133 709 310 745 cornibus
340 712 531 757 praeerant
556 708 712 745 sinistro
742 708 977 753 Hasdrubal,
999 708 1136 744 dextro
1166 707 1318 743 Mahar-

133 774 193 810 bal
208 787 218 820 3
248 774 411 810 mediam
431 774 549 809 aciem
572 773 775 809 Hannibal
796 775 875 821 ipse
895 786 981 809 cum
1008 773 1125 809 fratre
1153 772 1320 821 Magone

100 849 114 872 8
132 838 268 875 tenuit.
329 838 390 874 Sol
432 851 495 874 seu
535 838 582 874 de
619 837 812 874 industria
848 837 904 874 ita
937 837 1082 883 locatis,
1116 849 1182 873 seu
1215 837 1319 886 quod

131 904 230 940 forte
259 904 313 939 ita
340 907 491 949 stetere,
520 908 802 952 peropportune
829 902 984 951 utrique
1011 902 1113 951 parti
1139 902 1319 951 obliquus

132 973 225 1013 erat,
256 968 440 1004 Romanis
471 968 512 1003 in
545 968 756 1013 meridiem,
788 967 917 1003 Poenis
946 967 986 1002 in
1016 966 1315 1016 septentrionem

99 1052 114 1074 9
133 1033 275 1079 versis3
317 1037 456 1069 ventus
493 1032 752 1082 (Vulturnum
793 1032 958 1080 regionis
991 1031 1124 1067 incolae
1160 1030 1316 1080 vocant)

131 1097 315 1133 adversus
339 1096 525 1132 Romanis
552 1101 703 1133 coortus
733 1097 856 1132 multo
884 1096 1044 1146 pulvere
1072 1096 1113 1132 in
1143 1096 1224 1145 ipsa
1252 1108 1319 1132 ora

132 1161 321 1198 volvendo
340 1166 583 1210 prospectum
605 1161 758 1197 ademit.

63 1227 112 1264 47
212 1225 386 1263 Clamore
414 1226 576 1272 sublato,
612 1238 833 1274 procursum
863 1226 910 1262 ab
938 1224 1095 1261 auxiliis
1123 1228 1163 1261 et
1190 1236 1320 1273 pugna

131 1305 187 1328 Tne
207 1305 328 1328 Romans
347 1311 394 1328 are
422 1290 571 1326 levibus
592 1290 756 1338 primum
787 1289 903 1325 armis
929 1289 1152 1335 commissa3
1180 1288 1319 1325 deinde

131 1335 354 1395 (ὧῗιῖῗιῖεῃωυῃθᾱ
366 1336 394 1359 at
422 1354 596 1403 equitum
611 1354 809 1390 Gallorum
826 1354 1163 1402 Hispanorumque
1178 1353 1318 1389 laevum

131 1432 247 1456 cornu
269 1433 354 1456 cum
375 1420 512 1456 dextro
528 1419 705 1456 Romano
725 1418 929 1464 concurrit,
951 1419 1112 1455 minime
1131 1419 1320 1467 equestris

100 1504 113 1520 2
131 1496 234 1520 more
263 1496 424 1532 pugnae3
460 1482 655 1519 frontibus
683 1484 784 1519 enim
815 1482 984 1519 adversis
1014 1482 1317 1519 concurrendum

131 1551 224 1593 erat,
260 1547 360 1595 quia,
391 1546 499 1583 nullo
528 1547 628 1583 circa
660 1547 708 1583 ad
741 1546 982 1596 evagandum
1013 1546 1148 1583 relicto
1181 1546 1316 1595 spatio,

100 1630 113 1652 3
131 1610 220 1646 hinc
241 1611 364 1647 amnis
379 1611 469 1647 hinc
481 1611 654 1659 peditum
670 1610 769 1647 acies
785 1610 1025 1647 claudebant.
1066 1610 1115 1645 In
1130 1610 1318 1646 directum

130 1675 312 1724 utrinque
331 1676 512 1722 nitentes,
530 1676 723 1713 stantibus
743 1689 786 1713 ac
806 1676 987 1713 confertis
999 1679 1193 1725 postremo
1205 1675 1320 1711 turba

131 1740 249 1788 equis,
271 1740 331 1775 vir
350 1740 476 1776 virum
497 1740 699 1789 amplexus
719 1740 948 1776 detrahebat
967 1751 1075 1788 equo.
1136 1738 1320 1775 Pedestre

132 1816 268 1853 magna
283 1804 359 1840 ian]
373 1818 421 1841 ex
434 1808 543 1853 parte
559 1808 753 1841 certamen
765 1805 911 1840 factum
927 1808 1011 1840 erat
1019 1817 1030 1850 3
1051 1803 1175 1840 acrius
1188 1806 1320 1840 tamen

131 1882 244 1917 quam
272 1869 419 1906 diutius
446 1874 660 1918 puonatum
689 1874 757 1916 est,
779 1869 957 1919 pulsique
978 1868 1146 1905 Romam·
1171 1868 1320 1918 equites

97 1950 112 1973 ⁴
131 1936 238 1981 terga
257 1937 425 1970 ver.tunt
486 1934 566 1971 Sub
585 1935 774 1983 equestris
800 1935 916 1971 finem
942 1933 1166 1971 ceitaminis
1190 1937 1320 1977 coorta

130 2001 188 2032 est
220 1997 392 2045 peditum
426 2011 565 2047 pugna,
598 1999 723 2047 primo
756 2003 795 2035 et
823 1999 972 2035 viribus
1001 2003 1040 2036 et
1068 1998 1209 2035 animis
1237 2003 1327 2047 par,

99 2081 113 2105 5
130 2060 221 2096 duni
251 2062 479 2098 constabant
506 2063 660 2099 ordines
689 2063 815 2100 Gallis
843 2063 1136 2113 Hispanisque3
1161 2062 1319 2099 tandem

130 2124 308 2171 Romani,
339 2125 405 2162 diu
434 2139 477 2163 ac
507 2139 605 2176 saepe
635 2127 794 2174 connisi,
823 2127 979 2177 obliqua
1007 2128 1136 2164 fronte
1163 2127 1320 2176 acieque

129 2189 247 2226 densa
275 2190 462 2239 impulere
487 2191 657 2228 hostium
686 2205 849 2229 cuneum
878 2192 996 2230 nimis
1020 2195 1179 2229 tenuem
1200 2203 1321 2242 eoque
