1403 2438
586 98 756 135 LIBER
793 97 909 134 XXI.
1312 100 1335 137 7

150 196 324 233 Africam
351 195 573 233 traiiccrcnt
593 209 636 233 ac
656 195 844 233 sociorum
868 195 1001 245 populi
1026 195 1194 232 Romani
1213 197 1338 245 queri-

149 261 298 298 monias
330 260 534 306 deferrent,
566 260 637 296 hac
666 260 856 309 legatione
892 261 1045 297 decreta
1072 270 1337 296 butberorenmbas-
1357 268 1372 293 s

149 324 314 362 necdum
345 325 470 371 missa,
497 324 670 361 omnium
699 337 765 374 spe
791 325 952 362 celerius
980 325 1044 362 Sa·
1072 301 1338 357 ffldssssf'ssssgfifissffi

149 392 315 437 guntum
335 387 551 437 oppugnari
569 387 731 423 allatum
751 391 818 425 est.
864 388 972 425 Tunc
991 401 1046 425 re·
1073 363 1282 418 lsssrgipffiuitiw
1299 363 1338 388 Μ’
1357 399 1373 424 6

151 453 229 489 lata
248 452 295 489 de
314 453 464 501 integro
484 464 546 488 res
565 451 613 488 ad
633 455 811 488 senatum
825 465 835 498 5
865 456 904 488 et
923 452 991 488 alii
1016 453 1235 502 provincias
1254 467 1339 491 con-

149 517 299 554 sulibus
329 516 565 565 Hispaniam
594 520 711 565 atque
742 515 921 553 Africam
954 516 1204 555 decernentes
1236 522 1341 555 terra

149 580 324 630 marique
346 593 428 617 rem
452 580 660 629 gerendam
690 580 910 627 censebant,
930 580 997 617 alii
1023 585 1152 618 totum
1179 582 1220 618 in
1248 583 1340 620 His-

149 645 304 695 paniam
337 644 680 693 Hannibalemque
713 644 971 682 intendebant
1003 646 1148 682 bellum
1164 658 1176 692 3
1214 652 1336 693 erant,
1358 664 1373 688 7

149 709 218 759 qui
236 722 315 746 non
342 713 486 746 temere
509 709 738 746 movendam
765 722 847 746 rem
872 713 1023 746 tantam
1049 711 1341 760 exspectandos-

150 787 224 822 que
255 786 304 811 ex
334 773 530 823 Hispania
559 773 706 822 legat-os
737 778 946 811 censerent.
1005 774 1102 811 Haec
1131 775 1337 822 sententia,
1357 786 1373 811 8

150 851 235 888 quae
263 838 459 875 tutissima
484 838 701 884 videbatur,
722 838 827 884 vicit,
853 838 1048 888 legatique
1075 851 1120 876 eo
1147 839 1340 877 maturius

151 902 269 950 missi,
297 902 342 941 P.
363 902 548 940 Valerius
580 902 740 939 Flaccus
773 906 812 939 et
843 901 886 947 Q.
916 903 1072 940 Baebius
1099 903 1337 953 Tamphilus,

151 967 370 1017 Saguntum
396 966 445 1004 ad
465 966 731 1003 Hannibalem
753 970 870 1015 atque
888 966 979 1003 inde
1000 966 1285 1017 Carthaginem,
1307 969 1341 1006 si

149 1044 230 1069 non
261 1031 514 1068 absisteretur
549 1030 661 1077 bello,
694 1030 743 1067 ad
779 1030 917 1067 ducem
953 1030 1083 1081 ipsum
1115 1031 1158 1068 in
1187 1045 1341 1082 poenam

150 1095 308 1133 foederis
327 1095 436 1145 rupti
456 1095 748 1144 deposcendum.

231 1159 338 1197 Dum
358 1172 404 1196 ea
418 1159 588 1196 Romani
607 1163 745 1208 parant
765 1160 1075 1210 consultantque,
1096 1160 1175 1198 iam
1195 1161 1341 1212 Sagun·
1360 1164 1383 1202 ¹7

145 1213 236 1262 'tum
255 1237 407 1262 summa
424 1223 466 1260 vi
484 1225 790 1274 oppugnabatur.
834 1225 983 1262 Civitas
1003 1238 1047 1262 ea
1074 1256 1120 1281 the
1147 1255 1216 1286 siege
1241 1255 1270 1280 of
1294 1256 1342 1280 sa-
1360 1247 1376 1265 2

151 1289 264 1339 longe
288 1288 582 1338 opulentissima
609 1289 715 1326 ultra
733 1288 930 1326 Hiberum
952 1289 1044 1335 fuit,
1072 1287 1326 1317 guntumssbefflm

152 1354 228 1391 sita
252 1366 387 1404 passus
411 1352 518 1391 mille
542 1353 664 1390 ferme
687 1367 712 1391 a
734 1354 843 1392 mari.
902 1354 1070 1391 Oriundi
1093 1367 1118 1391 a
1141 1353 1342 1402 Zacyntho

152 1418 280 1456 insula
298 1418 494 1465 dicuntur,
516 1418 711 1467 mixtique
730 1418 847 1455 etiam
872 1419 920 1455 ab
947 1418 1083 1455 Ardea
1101 1418 1342 1456 Rutulorum

152 1482 310 1531 quidam
346 1482 526 1531 generis;
564 1486 736 1519 ceterum
766 1482 808 1519 in
840 1486 972 1519 tantas
1001 1482 1113 1519 brevi
1141 1486 1342 1520 creverant
1361 1497 1375 1520 ³

151 1559 242 1596 opes
260 1559 329 1584 seu
347 1546 556 1584 maritimis
579 1559 648 1583 seu
673 1547 923 1584 terrestribus
945 1546 1139 1584 fructibus
1158 1559 1226 1584 seu
1245 1546 1342 1583 mul-

151 1610 335 1648 titudinis
375 1610 614 1648 incremento
650 1623 719 1648 seu
756 1611 971 1661 disciplinae
1007 1611 1226 1658 sanctitate,
1266 1624 1343 1660 qua

151 1675 267 1712 fidem
296 1674 475 1712 socialem
503 1687 625 1724 usque
657 1675 707 1712 ad
737 1675 950 1725 perniciem
982 1688 1094 1713 suam
1125 1675 1338 1727 coluerunt.

151 1739 355 1777 Hannibal
382 1735 527 1777 infesto
552 1739 727 1777 exercitu
754 1740 950 1790 ingressus
977 1740 1084 1788 fines,
1111 1740 1341 1790 pervastatis
1360 1753 1373 1777 ⁴

150 1804 293 1854 passim
323 1804 435 1854 agris,
466 1805 602 1842 urbem
639 1804 836 1854 tripertito
868 1805 1102 1854 aggreditur.
1157 1804 1342 1854 Angulus
1360 1816 1375 1840 5

152 1868 255 1906 muri
280 1873 364 1906 erat
388 1869 432 1906 in
453 1869 669 1919 planiorem
697 1869 1043 1919 patentioremque,
1069 1882 1186 1919 quam
1214 1873 1342 1906 cetera

151 1933 260 1980 circa,
281 1933 424 1970 vallem
442 1946 605 1986 vergens
619 1947 631 1982 3
663 1935 848 1971 adversus
876 1947 966 1971 eum
984 1934 1118 1971 vineas
1145 1946 1258 1983 agere
1285 1922 1342 1970 in-

151 1997 292 2044 stituit,
311 2010 380 2048 per
398 2010 493 2047 quas
512 1991 612 2035 aries
636 1998 828 2036 moenibus
850 1998 1048 2036 admoveri
1068 2001 1206 2048 posset.
1265 1997 1341 2035 Sed
1359 2009 1376 2034 6

151 2066 198 2099 ut
221 2061 328 2099 locus
356 2062 489 2112 procul
516 2075 628 2100 muro
650 2062 745 2100 satis
771 2075 904 2112 aequus
923 2063 1081 2112 agendis
1102 2062 1226 2099 vineis
1250 2062 1337 2109 fuit,

151 2126 209 2163 ita
251 2126 552 2176 haudquaquam
596 2140 789 2177 prospere,
828 2130 1035 2176 postquam
1073 2126 1123 2163 ad
1161 2127 1339 2164 effectum

151 2190 277 2241 operis
304 2194 465 2229 ventum
493 2195 562 2239 est,
593 2192 727 2242 coeptis
757 2191 994 2230 succedebat.
1052 2190 1105 2228 Et
1139 2190 1257 2228 turris
1285 2190 1340 2228 in-
1358 2209 1373 2234 7
