1403 2438
544 130 714 167 LIBER
750 129 865 167 XXI.
1243 131 1290 168 37

108 241 177 265 nce
197 231 338 265 temere
364 227 594 264 credendum
620 241 689 264 nec
709 227 990 277 aspernandum
1014 231 1132 274 ratus,
1163 241 1212 265 ne
1238 241 1293 266 re-

107 292 259 342 pudiati
291 298 422 341 aperte
452 292 580 328 hostes
614 292 759 338 fierent,
797 292 961 341 benigne
989 304 1108 341 quum
1142 305 1294 342 respon-

108 357 238 401 disset,
262 356 468 402 obsidibus,
499 368 594 404 quos
623 356 778 400 dabant,
806 356 970 404 acceptis
999 360 1038 392 et
1066 361 1291 402 commeatu,

107 433 222 470 quem
255 421 296 457 in
331 421 433 456 viam
464 420 537 469 ipsi
569 420 800 466 detulerant,
836 432 938 465 usus,
974 433 1216 470 nequaquam
1248 426 1295 458 ut

108 485 212 521 inter
230 489 384 534 pacatos
403 483 612 533 composito
637 483 790 532 agmine
817 484 930 520 duces
956 497 1087 520 eorum
1107 485 1292 534 sequitur.

110 548 284 585 Primum
312 561 448 596 agmen
477 547 671 596 elephanti
698 552 737 584 et
763 547 911 596 equites
938 552 1069 591 erant3
1100 549 1180 597 ipse
1208 554 1326 599 posts

108 625 195 649 cum
225 613 359 649 robore
392 611 566 660 peditum
599 611 918 660 circumspectans
951 612 1137 649 sollicitus
1167 613 1296 650 omnia

108 675 318 713 incedebat.
375 675 459 713 Ubi
484 676 525 712 in
555 676 816 724 angustiorem
844 676 947 712 viam
974 680 1014 712 et
1038 681 1149 725 parte
1173 677 1294 714 altera
1311 691 1329 715 ε.

108 739 318 776 subiectam
338 739 426 788 iugo
445 739 603 788 insuper
622 740 841 775 imminenti
862 747 1021 776 ventum
1042 745 1109 784 est,
1122 741 1295 790 undique

109 812 157 840 ‘ex
180 803 331 840 insidiis
357 804 519 849 barbari,
541 817 564 840 a
586 804 722 849 fronte,
744 804 791 840 ab
820 808 926 852 tei-go
955 805 1084 849 coorti,
1107 805 1292 850 cominus,

109 868 258 905 eminus
291 872 440 917 petunt,
476 881 570 904 saxa
605 868 778 917 ingentia
815 868 856 904 in
894 881 1029 917 agmen
1068 868 1294 906 devolvunt.

109 932 284 969 Maxima
303 933 351 968 ab
371 936 477 981 tergo
498 933 555 968 vis
575 933 776 968 hominum
796 932 966 981 urgebat.
1025 933 1075 968 In
1098 946 1160 970 eos
1181 946 1291 970 versa
1312 953 1327 975 7

109 997 282 1046 peditum
303 996 401 1033 acies
420 997 524 1032 haud
544 996 705 1032 dubium
723 996 826 1041 fecit,
843 997 948 1045 quin,
963 997 1036 1032 nisi
1057 997 1210 1033 firmata
1231 1009 1295 1033 ex-

109 1065 232 1098 trema
257 1060 420 1109 agminis
448 1060 622 1107 fuissent,
644 1061 780 1109 ingens
808 1061 849 1096 in
877 1073 920 1097 eo
943 1061 1042 1097 saltu
1073 1061 1295 1110 accipienda

109 1125 234 1162 clades
252 1125 380 1162 fuerit.
436 1125 544 1161 Tunc
563 1138 714 1174 quoque
743 1125 791 1161 ad
818 1133 1034 1162 extremum
1061 1125 1222 1174 periculi
1250 1138 1293 1162 ac
1311 1147 1327 1172 3

108 1202 227 1239 prope
262 1189 470 1238 perniciem
506 1194 668 1226 ventum
703 1193 760 1226 est
778 1202 788 1235 3
830 1202 930 1235 nain,
966 1190 1055 1226 dum
1091 1194 1296 1227 cunctatur

110 1253 311 1290 Hannibal
339 1253 540 1290 demittere
569 1266 704 1302 agmen
731 1254 771 1290 in
797 1254 1003 1302 angustias,
1025 1254 1116 1303 quia
1140 1267 1228 1301 non,
1252 1258 1296 1291 ut

109 1317 190 1367 ipse
209 1318 405 1367 equitibus
424 1317 600 1366 praesidio
619 1322 712 1364 erat,
735 1318 791 1354 ita
809 1318 1004 1366 peditibus
1023 1318 1227 1367 quicquam
1247 1319 1295 1356 ab

109 1386 218 1431 tergo
247 1382 386 1418 auxilii
411 1382 634 1431 reliquerat,
655 1386 896 1418 occursantes
923 1394 992 1431 per
1017 1382 1173 1431 obliqua
1191 1395 1295 1419 mon·
1311 1402 1329 1428 9

110 1446 205 1492 tani,
229 1446 447 1495 interrupto
469 1446 594 1482 medio
621 1446 785 1495 agmine,
807 1446 910 1482 viam
937 1446 1121 1493 insedere,
1141 1459 1297 1496 noxque
1335 1474 1337 1476 -

110 1521 190 1546 una
208 1509 425 1552 Hannibali
444 1510 527 1547 sine
546 1510 741 1559 equitibus
767 1514 883 1558 atque
902 1510 1192 1559 impedimentis
1211 1515 1297 1548 acta

111 1578 180 1610 est.
238 1574 398 1610 Postero
431 1574 504 1620 die,
535 1575 614 1610 iam
647 1575 802 1623 segnius
834 1574 1180 1612 intercursantibus
1215 1575 1295 1612 bar·
1313 1585 1363 1623 35

112 1638 224 1684 baris,
245 1639 386 1675 iunctae
410 1638 537 1687 copiae,
558 1638 755 1687 saltusque
780 1638 884 1675 haud
909 1639 992 1675 sine
1016 1638 1132 1685 clade,
1154 1639 1298 1676 maiore

110 1705 240 1739 tamen
268 1701 530 1738 iumentorum
558 1714 673 1751 quam
702 1701 903 1739 hominum
933 1703 1113 1752 pernicie,
1143 1716 1295 1753 supera-

110 1770 186 1803 tus.
242 1766 341 1803 Inde
370 1767 544 1802 montani
569 1766 766 1815 pauciores
794 1767 871 1803 iam
897 1771 937 1804 et
961 1767 1155 1804 latrocinii
1177 1768 1298 1816 magis

112 1843 226 1879 quam
245 1830 338 1867 belli
356 1842 461 1867 more
480 1830 771 1876 concursabant,
791 1831 905 1868 modo
923 1831 964 1868 in
984 1832 1164 1881 primum,
1185 1832 1297 1869 modo
1313 1861 1329 1878 2

111 1894 155 1930 in
182 1894 432 1931 novissimum
460 1907 609 1943 agmen,
637 1899 833 1944 uteunque
858 1899 927 1932 aut
951 1895 1057 1933 locus
1076 1897 1299 1945 opportunir

112 1961 234 1995 tatem
253 1958 362 1995 daret
381 1962 450 1994 aut
463 1958 651 2007 progressi
671 1959 858 1996 morative
876 1959 1047 2008 aliquam
1061 1960 1297 1998 occasionem

112 2022 301 2060 fecissent.
353 2023 562 2072 Elephanti
582 2023 682 2060 sicut
701 2036 769 2072 per
787 2028 891 2060 artas
910 2024 1196 2073 praecipitesque
1215 2025 1296 2062 vias
1314 2042 1331 2067 3
1349 2059 1351 2063 ,

113 2099 251 2136 magna
269 2099 376 2123 mora
394 2087 618 2135 agebantur,
635 2087 692 2124 ita
706 2091 838 2124 tutum
858 2088 906 2124 ab
926 2087 1110 2134 hostibus,
1131 2101 1299 2139 quacun-

113 2162 188 2200 que
211 2149 441 2196 incederent,
462 2150 554 2199 quia
582 2150 744 2188 insuetis
772 2151 940 2189 adeundi
971 2152 1131 2204 propius
1170 2156 1299 2191 metus

113 2216 209 2260 erat,
228 2225 366 2264 agmen
383 2213 614 2264 praebebant.
