1403 2438
501 150 671 187 LIBER
708 149 829 188 XXI.
1204 152 1254 190 59

69 247 182 284 domo
209 247 464 286 traherentur.
523 249 653 294 Quum
686 250 734 286 ob
762 249 842 286 haec
876 249 1046 298 taliaque
1083 254 1254 298 speraret
1271 261 1301 279 ¹¹

69 313 328 363 propinquum
353 320 544 352 certamen
571 320 610 352 et
635 316 768 362 facere,
790 316 821 352 si
842 319 1063 361 cessaretur,
1085 319 1252 364 cuperet,

69 378 398 429 speculatoresque
428 381 540 425 Galli,
572 381 620 417 ad
653 393 697 417 ea
729 381 976 429 exploranda,
1008 394 1092 430 quae
1123 380 1252 426 vellet,

69 443 242 490 tutiores,
274 444 365 493 quia
393 445 434 482 in
462 446 636 494 utrisque
666 445 802 482 castris
835 446 1068 490 militabant,
1100 448 1253 493 paratos

69 520 208 557 puguae
239 521 318 545 esse
346 508 540 545 Romanos
568 508 820 551 rettulissent,
850 508 974 545 locum
1006 508 1157 545 insidiis
1186 508 1255 545 cir-

70 578 329 623 cumspectare
356 573 497 610 Poenus
521 573 644 622 coepit.
704 573 800 609 Erat
825 573 865 609 in
891 573 1017 609 medio
1037 573 1143 608 rivus
1163 585 1254 621 prae-
1273 563 1322 600 54

69 637 159 674 altis
178 636 360 686 utrinque
375 637 526 673 clausus
539 637 633 685 ripis
648 640 687 673 ct
703 637 801 673 circa
815 636 963 673 obsitus

68 701 303 752 palustribus
322 701 448 738 herbis
464 705 503 738 et
518 702 657 750 quibus
677 700 824 737 inculta
843 700 962 736 ferme

69 765 300 811 vestiuntur,
328 766 511 813 virgultis
537 766 805 814 vepribusque.
864 765 988 810 Quem
1013 764 1080 801 ubi
1105 764 1254 813 equites

69 842 220 879 quoque
245 830 408 879 tegendo
436 830 530 866 satis
559 830 792 866 latebrosum
823 829 948 866 locum
975 830 1254 866 circumvectus

68 895 148 943 ipse
168 894 288 931 oculis
303 894 567 943 perlustravit,
589 894 697 930 “Hic
717 894 791 931 erit
811 894 944 932 locus''
966 895 1126 943 Magoni
1139 892 1255 930 fratri
1272 909 1286 924 2

991 663 1049 686 who
1059 662 1112 687 had
1123 662 1255 693 prepared

990 701 1024 718 an
1036 693 1152 718 ambush

68 959 136 1005 ait,
168 962 316 1007 “quem
350 963 492 995 teneas,
557 959 694 1008 Delige
725 963 905 996 centenos
935 959 1039 996 viros
1070 973 1118 996 ex
1147 958 1254 996 omni

69 1021 196 1070 pedite
219 1026 335 1070 atque
358 1022 496 1070 equite,
526 1035 612 1058 cum
642 1023 781 1071 quibus
809 1023 857 1058 ad
882 1035 943 1059 me
969 1022 1104 1070 vigilia
1129 1022 1255 1071 prima

68 1085 199 1122 venias
213 1099 223 1133 3
260 1098 364 1122 nunc
392 1099 549 1134 corpora
577 1099 712 1123 curare
740 1090 893 1135 tempus
922 1086 1014 1123 est.”
1069 1087 1135 1123 Ita
1163 1099 1254 1135 prae-
1272 1096 1286 1120 3

69 1151 210 1187 torium
230 1151 402 1188 missum.
433 1151 530 1188 Mox
550 1164 636 1187 cum
657 1151 814 1188 delectis
834 1152 951 1200 Mago
970 1151 1113 1188 aderat.
1147 1151 1254 1187 “Ro-

69 1215 163 1252 bora
203 1216 375 1252 virorum
423 1229 536 1252 cerno
549 1215 566 1231 ⁵’
615 1216 745 1265 iuquit
782 1215 1011 1262 Hanniba13
1055 1215 1157 1252 “sed
1194 1215 1255 1251 uti

69 1293 230 1317 numero
267 1281 395 1326 etiam,
435 1293 513 1317 non
551 1280 690 1317 animis
727 1280 840 1317 modo
878 1280 1052 1327 valeatis,
1092 1281 1254 1329 singulis

67 1345 177 1382 vobis
207 1357 374 1382 novenos
403 1358 451 1381 ex
480 1346 619 1381 turmis
648 1345 933 1394 manipulisque
961 1344 1082 1381 vestri
1109 1344 1255 1381 similes

68 1410 207 1459 eligite.
280 1410 397 1458 Mago
433 1411 558 1446 locum
595 1410 839 1456 monstrabit,
879 1423 991 1459 quem
1030 1409 1254 1455 insideatis3

67 1473 216 1510 hostem
246 1486 384 1509 caecum
410 1473 458 1509 ad
489 1473 556 1510 has
584 1474 672 1510 belli
699 1478 800 1511 artes
833 1473 1018 1510 habetis.’'
1076 1472 1141 1509 Ita
1169 1486 1255 1509 cum
1272 1486 1286 1508 ⁴

68 1537 174 1574 mille
189 1538 383 1586 equitibus
404 1537 580 1585 Magone,
603 1537 708 1574 mille
734 1538 929 1587 peditibus
955 1536 1123 1582 dimisso,
1145 1536 1255 1573 Han-

69 1601 174 1637 nibal
196 1602 319 1650 prima
334 1602 418 1637 luce
432 1601 624 1638 Numidas
640 1602 789 1651 equites
803 1606 1059 1648 transgressos
1075 1603 1254 1640 Trebiam

70 1664 212 1701 flumen
242 1664 465 1713 obequitare
497 1664 607 1701 iubet
632 1665 803 1701 hostium
828 1665 949 1714 portis
976 1665 1256 1715 iaculandoque

67 1727 112 1764 in
141 1727 327 1764 stationes
353 1727 488 1764 elicere
507 1727 555 1763 ad
582 1740 748 1776 pugnam
771 1727 933 1774 hostem,
955 1727 1096 1765 iniecto
1116 1727 1255 1765 deinde

67 1791 287 1835 certamine,
331 1791 499 1828 cedendo
537 1792 675 1828 sensim
709 1792 806 1829 citra
839 1793 984 1829 flumen
1019 1792 1253 1841 pertrahere.

68 1855 166 1892 Haec
193 1855 376 1891 mandata
401 1855 586 1892 Numidis
600 1870 610 1903 3
639 1856 775 1893 ceteris
802 1856 963 1893 ducibus

67 1919 241 1969 peditum
261 1919 512 1969 equitumque
526 1924 771 1970 praeceptum,
788 1925 834 1958 ut
853 1934 964 1970 pran-

67 1983 156 2020 dere
171 1996 302 2020 omnes
321 1983 511 2030 iuberent,
532 1988 700 2021 armatos
719 1985 857 2022 deinde
877 1985 1127 2034 instratisque
1147 1985 1255 2034 equis

67 2046 220 2096 signum
238 2050 471 2096 exspectare.

147 2110 396 2160 Sempronius
433 2111 482 2148 ad
518 2112 732 2148 tumultum
777 2112 1039 2149 Numidarum
1086 2112 1254 2162 primum
1272 2125 1287 2150 6

67 2187 219 2212 omnem
248 2175 477 2224 equitatum,
503 2175 613 2213 ferox
641 2189 685 2213 ea
710 2180 821 2225 parte
846 2177 1002 2224 virium,
1023 2176 1162 2214 deinde
1186 2190 1255 2215 sex

69 2236 193 2274 millia
222 2237 408 2287 peditum,
441 2242 634 2291 postremo
664 2252 797 2277 omnes
829 2239 967 2290 copiam,
1003 2253 1026 2277 a
1062 2240 1256 2280 destinato

990 1883 1044 1908 and
1064 1883 1128 1913 kept
1145 1883 1186 1908 his
1203 1884 1254 1907 sol-

990 1914 1060 1939 diers
1072 1914 1159 1939 under
1167 1921 1254 1944 cover,
1307 1919 1309 1923 ’
