1403 2438
462 163 636 200 LIBER
672 161 817 201 XXII.
1155 159 1227 197 139

40 264 181 301 litoem
207 262 332 299 allatae
360 265 452 298 suut
474 261 522 297 ab
550 261 591 298 T.
617 260 783 297 Otacilio
803 262 1047 309 propraetore,
1068 270 1228 307 regnum

40 328 227 365 Hieronis
255 326 372 363 classe
407 325 555 362 Punica
582 325 727 361 vastari
741 338 751 372 3
785 324 846 361 cui
875 336 993 373 quum
1023 335 1133 372 opem
1161 322 1261 360 im·7

38 391 208 442 ploranti
227 391 326 428 serre
346 390 476 433 vellet,
489 389 714 426 nuntiatum
735 389 807 425 sibi
827 401 919 435 csse,
935 387 1050 424 aliam
1070 386 1228 423 classem

37 456 90 494 ad
117 455 283 505 AEgates
310 454 458 491 insulas
487 459 588 490 stare
618 457 790 502 paratam
824 453 1139 500 instructamque,
1170 454 1226 496 ut,

37 520 106 557 ubi
133 533 173 557 se
195 532 349 556 versum
382 519 430 555 ad
458 518 640 554 tuendam
671 517 952 565 Syracusanam
981 528 1086 552 oram
1117 515 1228 551 Poeni
1245 523 1260 548 8

37 585 262 630 sensissent,
297 583 512 631 Lilybaeum
541 581 736 630 extemplo
766 580 1080 630 provinciamque
1113 579 1226 615 aliam

36 649 256 686 Romanam
289 647 588 697 aggxederentur
601 658 612 692 3
641 646 771 695 itaque
800 645 917 682 classe
948 657 1043 693 opus
1073 656 1163 690 esse,
1194 643 1228 680 si

35 726 164 764 regem
184 712 328 750 socium
350 711 596 760 Siciliamque
616 711 717 747 tueri
737 710 892 746 vellent.

114 777 277 814 Litteris
295 776 462 813 consulis
481 775 731 824 praetorisque
751 774 863 820 lectis,
885 777 1111 810 censuerunt
1127 785 1226 821 prce·
1245 772 1290 810 5¹7

35 848 153 880 torem
172 841 227 878 M.
251 840 468 886 Claudium,
490 840 557 888 qui
583 839 694 876 classi
714 839 762 875 ad
782 838 932 875 Ostiam
962 851 1055 876 rnder
1081 852 1127 875 um
1155 858 1227 881 pres-

35 906 157 943 stauti
184 909 374 954 praeesset,
403 904 614 941 Canusium
643 903 691 939 ad
721 903 933 939 exercitum
963 889 1024 937 ῗέἷῖ
1047 882 1226 937 iiic-idiffsffii

32 970 280 1016 mittendum,
320 969 639 1018 scribendumque
677 967 834 1014 consuli,
873 972 929 1014 ut,
960 944 1117 998 {loce-numan
1145 950 1226 968 sacn-

32 1047 153 1084 quum
185 1034 342 1084 praetori
383 1033 595 1070 exercitum
634 1032 867 1079 tradidisset,
906 1033 1030 1082 primo
1073 1045 1224 1082 quoque

33 1105 218 1149 tempore,
249 1103 442 1148 quantum
474 1109 543 1146 per
575 1097 817 1133 commodum
851 1097 908 1133 rei
940 1097 1102 1146 publicae
1139 1097 1224 1134 fieri

29 1167 168 1214 posset,
202 1163 367 1200 Romam
396 1162 558 1199 veniret.
621 1161 765 1198 Territi
798 1161 914 1197 etiam
945 1175 1062 1210 super
1092 1166 1223 1199 tantas
1243 1183 1257 1199 2

29 1227 155 1264 clades
173 1240 293 1277 quum
318 1227 454 1263 ceteris
479 1225 676 1275 prodigiis,
697 1229 784 1262 tum
809 1226 913 1274 quod
938 1226 1023 1263 duae
1043 1226 1223 1264 Vestales

28 1305 74 1329 eo
105 1293 218 1338 anno,
249 1291 405 1341 Opimia
434 1296 550 1340 atque
576 1290 769 1337 Floronia,
797 1291 924 1340 stupri
951 1296 1154 1340 compeitae
1183 1296 1223 1329 et

27 1356 151 1394 altera
168 1357 240 1393 sub
258 1360 373 1403 terra,
390 1356 450 1392 uti
465 1368 548 1392 mos
563 1360 632 1402 est,
652 1355 701 1391 ad
713 1360 862 1404 portam
881 1355 1073 1393 Collinam
1087 1361 1224 1394 necata

27 1421 167 1468 fuerat,
201 1420 324 1457 altera
361 1420 518 1457 sibimet
554 1420 637 1469 ipsa
673 1424 838 1457 mortem
874 1421 1135 1468 consciverat3
1174 1422 1217 1459 L.
1239 1440 1254 1464 3

28 1484 223 1522 Cantilius
241 1485 366 1522 scriba
381 1484 586 1533 pontificis,
605 1497 700 1533 quos
719 1497 824 1521 nunc
839 1485 1006 1522 minores
1020 1486 1222 1534 pontifices

25 1548 234 1598 appellant,
251 1548 320 1598 qui
338 1561 426 1585 cum
441 1548 623 1585 Floronia
642 1552 821 1597 stuprum
834 1549 986 1596 fecerat,
1005 1563 1028 1586 a
1039 1550 1221 1599 pontifice

25 1613 196 1650 maximo
215 1626 259 1650 eo
276 1625 400 1663 usque
418 1612 538 1662 virgis
556 1612 599 1649 in
618 1613 775 1650 comitio
799 1626 918 1650 caesus
937 1619 1030 1662 erat,
1052 1618 1098 1652 ut
1116 1615 1221 1653 inter

24 1677 186 1714 verbera
211 1677 436 1726 exspiraret.
495 1677 585 1714 Hoc
609 1677 717 1714 nefas
736 1690 856 1727 quum
875 1678 979 1716 inter
1002 1682 1075 1726 tot,
1094 1684 1142 1716 ut
1159 1680 1253 1727 fit,'4

24 1741 151 1778 clades
182 1741 224 1778 in
252 1741 471 1791 prodigium
503 1754 657 1778 versum
695 1746 806 1790 esset,
846 1743 1056 1780 decemviri
1100 1744 1219 1782 libros

23 1805 130 1842 adire
148 1805 243 1842 iussi
261 1811 366 1851 sunt,
386 1810 427 1842 et
446 1806 490 1851 Q.
513 1806 658 1843 Fabius
677 1806 810 1844 Pictor
825 1807 1000 1856 Delphos
1018 1808 1068 1845 ad
1089 1821 1219 1846 oracu-
1235 1824 1251 1849 5

24 1869 105 1906 lum
132 1869 273 1907 missus
292 1873 351 1907 est
369 1869 619 1917 sciscitatum,
641 1872 782 1920 quibus
806 1872 983 1920 precibus
1005 1873 1219 1922 suppliciis-

23 1946 98 1983 que
116 1933 206 1971 deos
224 1938 380 1984 possent
397 1934 559 1984 placare,
581 1939 621 1972 et
640 1948 815 1985 quaenam
835 1936 968 1973 futura
986 1936 1076 1974 finis
1095 1938 1217 1974 tantis

22 1997 196 2036 cladibus
224 1998 334 2036 foret.
391 1998 560 2036 Interim
593 2012 641 2036 ex
674 1999 858 2037 fatalibus
890 2000 1002 2038 libris
1030 2001 1218 2038 sacrificia
1235 2012 1251 2037 6
1287 1991 1291 1998 ¹

22 2062 171 2113 aliquot
189 2063 497 2100 extraordinaria
514 2063 628 2111 facta,
649 2064 754 2101 inter
772 2077 858 2114 quae
874 2064 1012 2102 Gallus
1031 2069 1070 2102 et
1090 2065 1215 2114 Galla,

23 2126 181 2164 Graecus
209 2131 248 2164 et
275 2127 411 2165 Graeca
437 2128 480 2164 in
507 2128 591 2165 foro
618 2128 751 2165 boario
779 2129 851 2165 sub
879 2133 1023 2166 terram
1042 2129 1126 2166 vivi
1152 2130 1216 2167 de-

22 2192 130 2230 missi
148 2196 240 2229 sunt
258 2192 301 2229 in
320 2191 447 2229 locum
472 2205 565 2229 saxo
591 2197 839 2243 consaeptum,
859 2193 938 2229 iam
967 2197 1059 2231 ante
1077 2193 1215 2233 hostiis

21 2257 214 2306 humaniS,
230 2257 395 2296 minime
415 2257 594 2296 Romano
613 2271 731 2306 sacro,
752 2259 957 2298 imbutum.
985 2256 991 2263 '
