1434 2402
151 137 225 175 138
670 131 822 170 LIVII

149 233 383 284 exploranda
415 231 679 280 noscendaque
711 243 780 280 per
812 228 995 278 impigros
1032 227 1195 265 iuvenes
1227 240 1309 265 esse
1324 239 1335 275 3

148 298 245 335 illud
265 309 332 346 per
351 300 479 344 patres
498 295 600 343 ipsos
623 293 827 343 agendum,
841 292 1024 342 quoniam
1039 292 1335 341 magistratuum

148 371 286 408 parum
317 357 378 403 sit,
411 361 457 394 ut
492 357 709 393 tumultum
745 369 789 392 ac
826 355 1126 404 trepidationem
1163 355 1206 392 in
1242 355 1338 392 urbe

149 422 299 469 tollant,
331 425 526 458 matronas
558 421 711 470 publico
744 424 901 457 arceant
934 419 1201 469 continerique
1232 419 1339 456 intra

117 501 132 525 7
149 499 262 523 suum
285 498 476 535 quamque
502 485 619 522 limen
647 489 796 534 cogant,
818 485 1078 534 comploratus
1102 484 1338 521 familiarum

149 554 357 596 coerceant,
380 550 578 587 silentium
597 563 666 600 per
684 551 820 587 urbem
845 549 1000 596 faciant,
1022 549 1182 586 nuntios
1208 561 1338 586 rerum

149 615 321 652 omnium
349 615 398 652 ad
426 618 609 664 praetores
637 614 878 652 deducendos
904 617 1051 660 curent,
1074 626 1151 650 suae
1177 613 1340 663 quisque

116 688 131 712 8
150 679 314 716 fortunae
342 679 445 715 domi
474 683 670 716 auctorem
698 682 934 728 exspectent,
967 678 1220 726 custodesque
1247 690 1341 727 prae-

148 747 254 780 terea
290 743 338 780 ad
375 747 505 792 portas
543 747 702 792 ponant,
739 743 806 792 qui
843 742 1076 792 prohibeant
1108 755 1340 792 quemquam

150 808 280 857 egredi
307 808 412 854 urbe,
443 813 658 857 cogantque
687 807 863 844 homines
891 807 1040 844 nullam
1069 806 1147 843 nisi
1172 807 1269 843 urbe
1296 819 1340 843 ac

150 873 340 910 moenibus
377 872 494 909 salvis
531 873 696 908 salutem
740 884 902 921 sperare.
988 871 1073 908 Ubi
1109 870 1342 908 conticuerit

150 937 355 983 tumultus,
376 940 462 973 tum
487 937 530 973 in
556 937 703 973 curiam
729 940 859 986 patres
884 935 1120 972 revocandos
1144 935 1342 973 consulen-

150 1002 318 1051 dumque
339 1001 385 1039 de
404 1002 511 1038 urbis
531 1001 708 1038 custodia
728 1014 818 1039 esse.

82 1064 129 1101 56
232 1066 362 1110 Quum
392 1066 434 1102 in
468 1065 567 1102 hanc
596 1065 830 1102 sententiam
858 1064 1021 1114 pedibus
1049 1077 1182 1101 omnes
1208 1063 1342 1108 issent,

149 1145 204 1169 and
225 1145 340 1169 receives
364 1145 413 1169 let-
441 1133 709 1178 summotaque
733 1129 817 1166 foro
838 1142 910 1178 per
936 1128 1186 1178 magistratus
1212 1129 1340 1176 turba,

149 1177 204 1230 inenrci
221 1176 300 1230 1323?
307 1176 412 1242 οἷῖἷῖιῖιῗ
440 1198 568 1243 patres
593 1193 738 1230 diversi
762 1193 811 1230 ad
839 1193 1026 1230 sedandos
1050 1193 1244 1230 tumultus
1270 1193 1344 1229 dis-

150 1237 412 1297 ffimaggflffstress
440 1259 654 1306 cessissent,
685 1262 770 1294 tum
799 1259 954 1295 demum
984 1258 1124 1295 litterae
1152 1271 1176 1294 a
1205 1257 1245 1295 O.
1275 1257 1344 1294 Te-

117 1341 131 1356 2
149 1322 276 1358 rentio
297 1322 452 1359 consule
476 1323 604 1360 allatae
624 1327 717 1360 sunt
734 1337 741 1360 :
770 1323 813 1360 L.
837 1323 1046 1359 AEmilium
1065 1322 1261 1359 consulem
1280 1335 1346 1360 ex-

149 1386 390 1436 ercitumque
417 1400 554 1424 caesum
571 1401 581 1435 3
609 1400 690 1424 sese
714 1387 876 1425 Canusii
901 1400 992 1433 esse,
1014 1387 1199 1437 reliquias
1222 1390 1343 1424 tantae

149 1449 267 1486 cladis
285 1450 394 1486 velut
414 1464 463 1487 ex
481 1451 685 1500 naufragio
709 1451 955 1500 colligentem
969 1465 979 1499 3
1007 1450 1056 1487 ad
1071 1450 1201 1487 decem
1219 1450 1344 1488 milh'a

148 1512 319 1548 militum
339 1512 458 1550 ferme
478 1526 558 1550 esse
578 1514 920 1563 incompositorum
934 1513 1320 1563 inordinatorumque
1329 1527 1341 1562 ς

117 1589 131 1612 3
150 1575 314 1612 Poenum
342 1576 472 1613 sedere
501 1577 550 1614 ad
571 1577 735 1625 Cannas,
755 1578 798 1614 in
826 1578 1069 1627 captivorum
1093 1578 1230 1627 pretiis
1248 1587 1344 1628 prae⁴

149 1639 273 1688 daque
301 1639 378 1676 alia
405 1653 476 1677 nec
499 1641 659 1679 victoris
687 1642 816 1679 animo
843 1655 913 1679 nec
941 1643 1073 1692 magni
1101 1642 1209 1680 ducis
1236 1655 1344 1681 more

117 1720 131 1743 4
149 1706 443 1743 nundinantem.
503 1706 603 1742 Tum
622 1706 782 1756 privatae
802 1719 954 1756 quoque
974 1719 1042 1756 per
1060 1707 1193 1744 domos
1215 1707 1342 1745 clades

148 1771 315 1819 vulgatae
334 1775 435 1817 sunt,
455 1771 626 1821 adeoque
646 1775 768 1808 totam
788 1772 924 1808 urbem
943 1771 1117 1821 opplevit
1136 1771 1275 1819 luctus,
1295 1775 1346 1809 ut

148 1847 298 1871 sacrum
328 1835 639 1872 anniversarium
669 1835 818 1873 Cereris
850 1836 1115 1873 intermissum
1151 1835 1215 1883 sit,
1250 1835 1342 1885 quia

146 1911 217 1935 nec
238 1899 462 1948 lugentibus
489 1899 530 1936 id
559 1900 682 1937 facere
711 1903 769 1937 est
796 1900 854 1936 fas
879 1913 949 1937 nec
974 1900 1054 1937 ulla
1080 1899 1123 1936 in
1153 1900 1222 1937 illa
1246 1903 1347 1937 tem--

114 1976 128 2000 5
147 1966 295 2012 pestate
322 1967 501 2000 matrona
529 1977 666 2013 expers
694 1964 824 2001 luctus
852 1964 988 2002 fuerat.
1047 1964 1188 2014 Itaque
1214 1977 1264 2001 ne
1291 1964 1341 2001 ob

147 2027 307 2063 eandem
334 2040 488 2064 causam
512 2028 590 2065 alia
614 2041 766 2078 quoque
791 2041 898 2065 sacra
921 2027 1077 2077 publica
1099 2031 1170 2066 aut
1187 2028 1342 2078 privata

147 2091 426 2138 desererentur,
459 2095 616 2128 senatus
644 2091 820 2128 consulto
853 2091 988 2128 diebus
1015 2091 1181 2141 triginta
1209 2090 1339 2130 luctus

114 2164 128 2188 6
147 2158 205 2191 est
226 2155 369 2193 finitus.
430 2156 614 2193 Ceterum
639 2169 770 2205 quum,
792 2156 924 2193 sedato
952 2155 1061 2193 urbis
1079 2155 1265 2203 tumultu,
1284 2168 1345 2193 re·

147 2219 273 2256 vocati
301 2218 343 2255 in
368 2219 516 2257 curiam
539 2223 668 2269 patres
693 2223 831 2269 essent,
852 2219 936 2256 aliae
961 2219 1121 2269 insuper
1139 2232 1188 2257 ex
1207 2219 1337 2257 sloilia
