1403 2438
484 130 653 168 LIBER
690 129 828 167 XXII.
1204 119 1252 155 77

60 229 179 279 quire.
237 229 456 267 Conversus
475 229 521 265 ad
543 229 724 265 nuntium
748 228 885 265 “Num
901 227 1051 264 litteras
1070 225 1248 276 quoquc’'
1271 242 1299 265 13

61 293 189 343 inquit
218 295 240 315 ‘⁴
253 294 301 330 ab
326 298 461 330 senatu
488 294 610 341 affers,
631 307 716 343 quae
747 306 807 330 me
834 306 912 330 rem
939 304 1068 341 gerere
1088 291 1247 328 vetent?

62 358 153 406 Abi,
188 359 338 404 nuntia,
373 359 557 396 effodiant
594 360 757 407 signum,
797 358 827 393 si
867 357 912 393 ad
954 356 1247 393 convellendum

60 435 196 460 manus
210 436 287 473 prae
303 428 409 461 metu
425 424 738 472 obtorpuerunt.'’
774 422 956 459 Incedere
985 450 1086 475 ronows
1128 450 1155 474 in
1201 449 1250 474 hot
1270 442 1298 465 ¹4

60 487 149 524 inde
163 500 298 536 agmen
319 488 444 537 coepit,
462 488 704 538 primoribus,
723 500 951 536 superquam
983 481 1060 506 ¹¹³⁸oe

60 551 161 601 quod
191 552 451 589 dissenserant
480 553 528 589 ab
569 552 739 598 consilio,
775 551 922 588 territis
952 551 1070 587 etiam
1103 550 1246 599 duplici

61 616 243 665 prodigio,
277 617 401 653 milite
434 617 475 652 in
507 617 648 666 vulgus
682 617 768 653 laeto
802 616 941 653 ferocia
974 615 1092 662 ducis,
1129 627 1245 664 quum

58 693 165 730 spem
184 681 305 731 magis
325 682 445 730 ipsam
466 693 582 730 quam
602 694 755 718 causam
775 681 855 730 spei
875 680 1107 717 intueretur.

139 744 352 791 Hannibal,
388 746 489 794 quod
523 746 603 795 agri
643 750 702 782 est
730 746 834 782 inter
872 745 1078 783 Cortonam
1114 745 1246 782 urbem
1266 740 1292 777 4

58 808 442 858 Trasumennumque
456 810 591 856 lacum,
613 810 718 846 omni
738 810 844 847 clade
863 810 953 847 belli
983 823 1036 847 and
1053 823 1114 859 mus
1130 823 1186 847 into
1202 823 1248 859 ομ»

61 878 265 923 pervastat,
291 887 367 923 quo
390 874 512 923 magis
539 875 638 911 iram
666 875 768 911 hosti
797 875 845 911 ad
870 875 953 912 vin·
983 853 1116 938 &aggf
1134 854 1248 908 forlffl

59 937 241 974 dicandas
259 938 447 975 sociorum
468 938 630 975 iniurias
656 943 791 985 acuat;
819 941 859 974 et
877 938 952 974 iam
983 915 1249 970 t'sszsuylrffi111t2ima11d
1267 957 1280 974 2

60 1006 318 1050 pervenerant
335 1002 384 1039 ad
407 1002 489 1039 loca
511 1006 603 1039 nata
627 1003 790 1049 insidiis,
811 1003 877 1039 ubi
904 1004 1072 1041 maxime
1099 1008 1248 1040 montes

60 1063 316 1102 Cortonenses
360 1065 648 1103 Trasumennus
686 1066 802 1104 subit.
875 1066 955 1103 Via
996 1072 1150 1104 tantum
1191 1067 1247 1103 in-

59 1133 178 1167 terest
213 1135 454 1180 perangusta,
485 1131 594 1168 velut
632 1131 681 1168 ad
720 1131 765 1168 id
803 1132 932 1181 ipsum
971 1133 1019 1170 de
1055 1134 1249 1171 industria

60 1194 193 1232 relicto
222 1195 348 1244 spatio
362 1208 372 1242 3
410 1195 548 1232 deinde
578 1195 691 1245 paulo
723 1195 840 1232 latior
868 1198 1032 1245 patescit
1064 1210 1247 1247 campus3

59 1259 149 1298 inde
185 1259 300 1297 colles
336 1259 553 1309 insurgunt.
624 1260 688 1297 Ibi
725 1264 849 1298 castra
885 1262 927 1297 in
964 1266 1096 1311 aperto
1134 1262 1246 1309 locat,
1267 1277 1282 1302 3

61 1323 125 1360 ubi
157 1323 238 1373 ipse
275 1337 363 1361 cum
400 1324 514 1362 Afris
550 1326 665 1362 modo
702 1325 967 1374 Hispanisque
1005 1327 1246 1374 consideret;

65 1387 232 1425 Baliares
265 1393 508 1438 ceteramque
541 1389 665 1426 levem
703 1394 937 1426 armaturam
977 1395 1064 1440 post
1097 1395 1248 1428 montes

59 1450 313 1489 circumducit
326 1463 338 1497 3
364 1452 514 1501 equites
546 1452 595 1488 ad
624 1452 726 1501 ipsas
760 1452 889 1489 fauces
922 1453 1054 1500 saltus,
1087 1453 1248 1490 tumulis

58 1518 147 1564 apte
171 1515 405 1565 tegentibus,
427 1515 537 1562 locat,
565 1519 620 1561 ut,
648 1516 715 1552 ubi
743 1515 956 1553 intrassent
985 1517 1163 1564 Romani,
1185 1517 1248 1554 ob-

61 1579 158 1617 iecto
177 1580 355 1629 equitatu
373 1580 502 1617 clausa
521 1580 651 1617 omnia
670 1580 755 1616 lacu
775 1593 818 1617 ac
837 1581 1035 1618 montibus
1055 1584 1192 1618 essent.

140 1644 356 1681 Flaminius
383 1656 502 1694 quum
525 1644 650 1694 pridie
674 1644 764 1681 solis
788 1657 922 1681 occasu
942 1645 990 1682 ad
1016 1644 1142 1682 lacum
1169 1657 1249 1695 per·
1267 1668 1280 1690 ⁴

63 1709 239 1756 venisset,
259 1709 504 1759 inexplorato
529 1713 682 1759 postero
710 1709 772 1745 die
792 1708 951 1745 vixdum
983 1723 1034 1748 His
1076 1730 1153 1754 army
1190 1730 1248 1748 sur-

59 1773 151 1810 satis
175 1777 280 1810 certa
304 1773 389 1811 luce
414 1774 610 1823 angustiis
629 1776 828 1824 superatis,
856 1782 956 1824 post-
984 1753 1248 1821 i?d¹i³2f³⁹gndf'¹iai<2li

59 1850 176 1887 quam
199 1837 243 1874 in
267 1838 525 1887 patentiorem
551 1851 730 1888 campum
750 1839 867 1888 pandi
896 1853 956 1889 ag-
985 1822 1249 1876 irnfflvsgageessirngssffie-

60 1915 146 1940 men
187 1903 312 1952 coepit,
351 1901 393 1939 id
434 1906 590 1940 tantum
631 1903 812 1951 hostium,
852 1905 954 1954 quod
994 1918 1043 1942 ex
1088 1905 1249 1942 adverso

58 1970 153 2013 erat,
191 1966 394 2016 conspexit
406 1981 417 2015 3
458 1968 507 2005 ab
547 1971 656 2017 tergo
694 1981 738 2005 ac
777 1981 893 2018 super
929 1973 1046 2019 caput
1081 1970 1248 2019 deceptae
1294 1996 1298 2002 ,

58 2030 216 2070 insidiae.
275 2031 418 2069 Poenus
448 2032 526 2079 ubi,
557 2032 595 2070 id
630 2033 733 2083 quod
758 2035 934 2083 petierat,
964 2034 1136 2071 clausum
1162 2034 1248 2071 lacu
1267 2057 1282 2081 5

58 2108 103 2133 ac
129 2095 328 2133 montibus
357 2100 398 2134 et
424 2096 699 2134 circumfusum
733 2099 812 2135 suis
846 2099 965 2148 copiis
1000 2098 1136 2136 habuit
1166 2098 1235 2135 hos

59 2165 150 2207 tem,
188 2160 341 2211 signum
380 2161 560 2199 omnibus
605 2162 673 2199 dat
712 2163 826 2200 simul
875 2163 1093 2201 invadendi.
1171 2164 1248 2209 Qui
1265 2175 1280 2199 ⁶

61 2224 138 2266 ubi,
159 2237 236 2274 qua
247 2224 387 2274 cuique
401 2226 621 2275 proximum
633 2226 723 2274 fuit,
740 2223 1054 2274 decucurreiunt,
1068 2241 1113 2265 eo
1125 2229 1247 2277 magis
