1403 2438
485 157 656 194 LIBER
694 157 840 195 XXII.
1186 154 1260 193 137

67 254 153 293 fuit.
211 254 350 304 Itaque
382 257 628 292 succumbam
658 256 765 292 oneri
793 269 917 305 neque
947 254 1147 305 aggrediar
1174 266 1260 290 nar-

67 332 164 365 rare,
186 332 271 368 quae
300 320 564 357 edissertando
591 321 740 356 minora
767 333 858 356 vero
885 320 1035 357 faciam.
1094 318 1260 356 Consule
1278 339 1293 363 9

66 382 316 432 exercituque
336 384 384 420 ad
404 383 712 420 Trasumennum
733 383 860 430 priore
880 396 981 419 anno
1010 383 1160 429 amisso,
1182 394 1261 419 non

65 447 210 484 vulnus
235 460 350 497 super
377 448 531 494 vulnus,
563 447 628 484 sed
654 447 862 495 multiplex
892 447 1028 492 clades,
1057 459 1143 483 cum
1170 446 1262 482 duo-

66 512 138 549 bus
158 512 381 549 consulibus
401 512 477 548 duo
497 511 714 548 consulares
734 512 927 547 exercitus
950 511 1081 547 amissi
1106 510 1261 547 nuntia-

65 577 220 623 bantur,
251 589 322 613 nec
349 576 429 613 ulla
459 577 533 612 iam
567 581 690 612 castra
720 576 899 612 Romana
927 588 997 612 nec
1025 575 1161 611 ducem
1189 587 1260 611 nec

65 641 230 678 militem
256 652 358 687 esse3
389 640 626 677 Hannibalis
652 640 852 690 Apuliam,
878 640 1079 676 Samnium
1109 652 1153 676 ac
1180 639 1256 675 iam
1278 658 1308 674 10

64 718 182 755 prope
201 710 324 742 totam
346 704 504 741 Italiam
525 705 677 742 factam.
735 704 859 741 Nulla
878 705 1050 754 profecto
1071 704 1147 740 alia.
1165 716 1259 752 gens

65 774 177 806 tanta
202 769 302 807 mole
328 769 446 805 cladis
466 782 542 805 non
563 770 703 806 obruta
722 773 831 806 esset.
892 769 1099 818 Compares
1119 768 1258 805 scilicet
1277 782 1305 798 11

65 834 211 871 cladem
244 834 294 871 ad
332 834 494 883 AEgatcs
527 834 674 870 insulas
706 833 1089 883 Carthaginiensium
1121 832 1258 882 proelio

64 898 194 935 navali
213 903 420 947 acceptam,
442 911 517 948 qua
537 898 650 935 fracti
677 898 808 935 Sicilia
834 911 878 935 ac
904 897 1085 934 Sardinia
1112 910 1258 934 cessere

63 969 97 1000 et
124 963 330 1012 vectigales
362 976 405 999 ac
435 963 704 1012 stipendiarios
735 962 820 999 fieri
849 975 889 999 se
922 962 1024 1012 passi
1053 966 1156 1008 sunt,
1189 966 1258 998 aut

64 1040 232 1077 pugnam
253 1028 450 1065 adversam
471 1028 512 1064 in
535 1028 683 1075 Africa,
705 1027 767 1064 cui
792 1031 927 1076 postea
952 1027 1014 1063 hic
1040 1027 1122 1075 ipse
1148 1026 1258 1063 Han-

63 1092 170 1129 nibal
189 1093 392 1130 succubuit
405 1106 416 1140 ;
443 1093 554 1129 nulla
573 1106 622 1129 ex
641 1096 750 1142 parte
770 1091 1034 1141 comparandae
1054 1095 1157 1138 sunt,
1180 1092 1257 1128 nisi

63 1157 166 1208 quod
185 1157 333 1194 minore
351 1158 482 1195 animo
501 1158 590 1194 latae
610 1162 711 1195 sunt.

143 1221 186 1260 P.
209 1221 352 1259 Furius
371 1222 509 1259 Philus
529 1227 569 1259 et
592 1223 656 1259 Μ’.
681 1221 919 1271 Pomponius
944 1225 1125 1271 praetores
1150 1234 1256 1258 sena·
1275 1226 1323 1264 55

61 1290 148 1324 tum
170 1286 213 1323 in
238 1287 383 1324 curiam
411 1287 624 1324 Hostiliam
643 1290 894 1334 vocaverunt,
916 1290 961 1323 ut
989 1295 1047 1320 The
1081 1296 1174 1320 senate
1211 1295 1256 1319 de-

63 1352 110 1389 de
155 1353 262 1390 urbis
299 1353 475 1390 custodia
518 1353 763 1390 consulerent
778 1365 789 1398 3
835 1364 961 1400 neque
989 1326 1256 1381 iffigztatoefsugssertsiffi
1273 1367 1288 1383 2

62 1417 166 1454 enim
193 1417 437 1464 dubitabant,
459 1417 596 1454 deletis
622 1417 855 1453 exercitibus
881 1415 963 1451 hos·
991 1394 1141 1448 ffiffissigff,
1201 1387 1256 1412 and

62 1485 140 1519 tem
166 1482 214 1519 ad
240 1482 538 1531 oppugnandam
566 1481 741 1527 Romam,
764 1480 866 1530 quod
892 1492 1014 1516 unum
1041 1491 1137 1528 opus
1162 1477 1255 1515 belli

60 1551 235 1594 restaret,
257 1551 476 1584 venturum.
533 1545 663 1591 Quum
683 1547 723 1582 in
743 1545 856 1581 malis
875 1544 992 1581 sicuti
1015 1543 1251 1592 ingentibus,
1270 1562 1286 1585 3

60 1611 116 1648 ita
144 1612 289 1661 ignotis
316 1624 365 1649 ne
393 1611 596 1648 consilium
627 1610 783 1660 quidem
812 1609 905 1646 satis
933 1608 1172 1658 expedirent,
1191 1608 1255 1644 ob-

60 1680 325 1726 streperetque
353 1677 496 1713 clamor
522 1675 822 1712 lamentantium
849 1674 1056 1711 mulierum
1084 1676 1134 1720 et,
1161 1684 1255 1709 non-

59 1741 152 1778 dum
173 1740 414 1790 palamfacto,
425 1741 508 1777 vivi
527 1741 748 1789 mortuique
767 1752 837 1789 per
852 1751 982 1776 omnes
997 1750 1105 1787 paene
1121 1737 1254 1774 domos

60 1805 275 1855 promiscue
307 1806 649 1855 complorarentur,
681 1809 767 1842 tum
802 1803 846 1848 Q.
879 1803 1023 1840 Fabius
1052 1801 1253 1838 Maximus
1269 1818 1285 1843 4

59 1870 222 1916 censuit,
243 1870 392 1919 equites
411 1870 612 1920 expeditos
632 1873 672 1906 et
690 1869 822 1918 Appia
848 1871 888 1905 et
914 1867 1056 1904 Latina
1075 1867 1140 1903 via
1166 1866 1254 1903 mit-

58 1934 205 1981 tendos,
240 1934 308 1983 qui
339 1934 472 1971 obvios
504 1933 768 1984 percontando
798 1932 964 1982 (aliquos
999 1931 1171 1980 profecto
1203 1943 1254 1967 ex

58 1999 151 2048 fuga
174 1999 316 2049 passim
341 1999 545 2048 dissipatos
571 1998 664 2049 fore)
683 1999 863 2044 referant,
886 2010 970 2046 quae
991 1996 1150 2033 fortuna
1167 2007 1253 2031 con-

58 2063 187 2100 sulum
206 2067 323 2113 atque
342 2064 581 2100 exercituum
603 2063 655 2100 sit
673 2067 723 2110 et,
745 2063 779 2099 si
798 2061 892 2111 quid
918 2061 973 2098 dii
999 2059 1249 2106 immortales,
1268 2074 1284 2099 ⁵

58 2127 223 2165 miseriti
250 2127 416 2177 imperii,
445 2128 638 2177 reliquum
671 2127 840 2164 Romani
873 2125 1043 2162 nominis
1075 2123 1249 2169 fecerint,

59 2193 126 2230 ubi
157 2205 211 2230 eae
244 2193 362 2242 copiae
395 2192 499 2240 sint3
540 2205 616 2242 quo
646 2205 685 2229 se
719 2190 922 2228 Hannibal
955 2192 1041 2238 post
1070 2187 1251 2238 proelium

58 2250 276 2306 contfflerit,
299 2256 391 2307 quid
412 2260 532 2306 paret,
555 2256 758 2308 quidlagat
778 2259 1013 2304 acturusque
1033 2252 1094 2291 sit.
1154 2252 1251 2289 Haec
1268 2261 1286 2287 ⁶
