1455 2454
84 148 108 186 4
605 147 667 184 LI
672 147 754 186 VII

83 247 126 283 in
152 247 285 294 oculis,
312 247 490 283 habitum
514 247 590 282 oris
613 246 925 294 lineamentaque
954 245 1109 283 intueri.
1168 246 1270 284 Dein

83 311 192 349 brevi
218 311 354 358 effecit,
384 315 430 347 ut
456 314 566 359 pater
593 310 634 346 in
660 323 699 347 se
727 310 934 346 minimum
959 315 1198 348 momentum
1223 311 1271 348 ad

49 400 65 424 3
83 376 254 413 favorem
268 375 553 411 conciliandum
569 378 678 412 esset.
724 373 940 422 Nunquam
955 373 1156 422 ingenium
1170 375 1269 411 idem

82 441 131 477 ad
162 453 222 477 res
261 440 552 486 diversissimas,
585 439 797 488 parendum
836 442 952 487 atque
989 439 1269 487 imperandum,

83 504 250 541 habilius
279 504 365 542 fuit.
424 503 696 553 Itaque‘haud
724 503 836 539 facile
865 503 1111 549 discerneres,
1138 507 1271 541 utrum

50 586 62 608 4
83 569 306 618 imperatori
325 582 376 605 an
396 568 583 605 exercitui
603 568 726 604 carior
745 571 845 604 esset
859 580 870 614 3
901 580 1026 616 neque
1046 567 1272 605 Hasdrubal

83 634 204 670 alium
229 646 462 682 quemquam
488 632 679 682 praeficere
704 632 830 677 malle,
851 631 920 668 ubi
943 631 1037 680 quid
1057 632 1210 669 fortiter
1228 645 1272 670 ac

83 702 238 735 strenue
272 698 463 746 agendum
494 701 603 743 esset,
635 709 759 745 neque
789 696 931 733 milites
960 696 1035 733 alio
1061 696 1156 733 duce
1184 697 1271 746 plus

50 782 64 805 5
83 763 270 800 confidere
296 767 365 798 aut
390 762 539 799 audere.
599 760 818 797 Plurimum
846 760 1014 796 audaeiae
1033 761 1082 796 ad
1101 761 1271 809 pericula

83 826 324 875 capessenda,
346 826 557 875 plurimum
581 825 732 861 consilii
757 824 860 860 inter
884 824 968 873 ipsa
987 824 1156 873 pericula
1175 830 1267 863 erat.

82 890 205 929 Nullo
224 890 353 926 labore
379 894 448 926 aut
467 902 602 938 corpus
628 888 784 937 fatigari
807 892 876 924 aut
902 888 1053 925 animus
1078 889 1183 926 vinci
1207 903 1271 939 po-

51 971 66 995 6
82 958 192 993 terat.
251 954 398 992 Caloris
421 967 464 990 ac
490 953 643 1002 frigoris
670 953 859 1002 patientia
884 966 954 1002 par
968 965 979 999 3
1017 953 1092 990 cibi
1120 954 1269 1003 potion-

81 1019 189 1068 isque
209 1019 396 1055 dcsiderio
424 1018 606 1065 naturali,
627 1031 705 1054 non
724 1017 925 1066 voluptate
954 1018 1090 1054 modus
1116 1018 1270 1067 finitus3

80 1084 302 1134 vigiliarum
331 1083 531 1132 somnique
560 1096 630 1120 nec
667 1082 729 1119 die
759 1095 829 1119 nec
859 1086 972 1118 nocte
1005 1082 1269 1120 discriminata

48 1177 62 1199 7
81 1153 254 1198 tempora
266 1164 278 1198 3
309 1148 360 1195 id,
396 1148 498 1197 quod
528 1147 704 1197 gerendis
738 1148 852 1184 rebus
890 1151 1113 1196 superesset,
1146 1148 1269 1196 quieti

80 1214 214 1251 datum
229 1227 240 1261 3
269 1226 313 1250 ea
331 1225 456 1262 neque
475 1212 582 1248 molli
602 1215 724 1248 strato
743 1224 867 1260 neque
887 1211 1040 1247 silentio
1062 1212 1246 1263 accersita
1257 1225 1268 1259 3

80 1278 196 1315 multi
233 1290 329 1326 saepe
366 1276 527 1313 militari
564 1276 695 1325 sagulo
733 1280 909 1324 opertum
940 1275 1050 1312 humi
1078 1275 1268 1313 iacentem

79 1342 183 1379 inter
220 1341 412 1379 custodias
449 1340 710 1389 stationesque
757 1340 927 1376 militum
971 1346 1265 1389 conspexerunt.

47 1407 257 1450 gVestitus
287 1406 387 1443 nihil
423 1406 526 1442 inter
557 1405 722 1454 aequales
755 1404 946 1441 excellens
960 1416 972 1450 3
1011 1417 1119 1441 arma
1150 1410 1268 1454 atque

80 1473 169 1521 equi
184 1471 528 1521 conspiciebantur.
567 1470 757 1519 Equitum
773 1469 1024 1518 peditumque
1038 1469 1140 1506 idem
1155 1469 1268 1519 longe

78 1537 225 1586 primus
257 1540 366 1583 erat-,5
396 1535 572 1584 princeps
600 1535 641 1570 in
669 1534 847 1583 proelium
876 1533 969 1580 ibat,
994 1534 1156 1571 ultimus
1183 1547 1268 1571 con-

44 1623 59 1647 9
79 1606 180 1639 serto
205 1600 340 1650 proelio
369 1600 587 1637 excedebat.
647 1599 733 1635 Has
758 1602 888 1635 tantas
917 1598 992 1634 viri
1017 1598 1184 1635 virtutes
1211 1599 1268 1635 in-

79 1665 211 1715 gentia
239 1665 338 1701 vitia
371 1664 585 1713 aequabant,
617 1663 829 1700 inhumana
859 1663 1075 1710 crudelitas,
1107 1663 1268 1712 perfidia

77 1730 165 1779 plus
187 1742 302 1778 quam
323 1728 481 1775 Punica,
504 1728 602 1764 nihil
622 1727 715 1774 veri,
733 1727 832 1763 nihil
851 1727 985 1773 sancti,
1002 1727 1133 1764 nullus
1152 1728 1266 1765 deum

28 1817 59 1833 10
77 1798 213 1840 metus,
236 1792 387 1829 nullum
414 1792 474 1829 ius
497 1792 716 1838 iurandum,
738 1792 846 1828 nulla
871 1791 1016 1840 religio.
1077 1791 1175 1828 Cum
1194 1792 1266 1828 hac

76 1858 205 1902 indole
233 1857 426 1894 virtutum
455 1860 571 1905 atque
594 1856 781 1892 vitiorum
807 1844 977 1907 triennio
1000 1856 1071 1892 sub
1091 1856 1266 1892 Hasdru-

75 1923 161 1959 bale
191 1921 422 1970 imperatore
451 1920 605 1966 meruit,
634 1921 742 1956 nulla
769 1933 820 1966 re,
847 1933 931 1968 quae
963 1920 1111 1968 agenda
1136 1920 1266 1957 viden-

76 1987 200 2036 daque
219 1999 358 2035 magno
377 1985 509 2021 futuro
529 1972 618 2021 dulei
637 1988 745 2030 esset,
767 1984 1032 2033 praetermissa.

34 2054 56 2090 5
157 2051 349 2097 Ceterum,
365 2063 415 2086 ex
434 2062 509 2098 quo
529 2049 591 2085 die
606 2049 687 2085 dux
701 2053 759 2085 est
780 2049 1005 2095 declaratus,
1023 2048 1132 2085 velut
1147 2049 1266 2086 Italia

74 2148 152 2172 With
179 2155 196 2172 a
217 2102 284 2173 ζων
310 2150 339 2173 to
368 2115 403 2151 ei
422 2113 621 2163 provincia
636 2113 789 2149 decreta
808 2113 1028 2161 bellumque
1043 2113 1264 2150 Romanum

75 2179 199 2202 Wssrffl'ffl'
210 2179 339 2203 R⁰¹¹¹0¹¹⁶
367 2179 593 2215 mandatum
610 2182 720 2225 esset,
738 2178 836 2214 nihil
852 2177 1124 2226 prolatandum
1144 2181 1263 2224 ratus,

41 2207 57 2224 ²
75 2209 187 2234 reduces
205 2210 250 2234 the
262 2210 339 2234 Olca-

75 2240 121 2265 d⁰⁵
366 2256 415 2280 116
448 2256 487 2280 56
525 2256 691 2292 quoque,
723 2246 768 2279 ut
798 2246 947 2292 patrem
985 2241 1262 2286 Hamilcarem,
