1434 2402
182 82 257 121 148
511 83 573 120 LI
579 82 633 120 VI
634 82 658 119 I
696 81 865 119 LIBER
902 81 1044 118 XXII.

178 179 477 229 ignominiisque
497 179 688 216 confectos
708 191 799 226 esse,
813 181 859 215 ut
877 177 1034 227 quidam
1055 189 1188 214 eorum
1201 179 1367 213 mortem

178 244 252 280 sibi
279 243 353 292 ipsi
381 243 577 293 extemplo
605 244 875 290 conscivcrint,
896 242 1013 279 ceteri
1039 255 1118 279 non
1139 241 1222 278 foro
1240 241 1366 279 solum

178 307 283 344 omni
307 307 444 345 deinde
463 308 556 355 vita,
578 309 643 345 sed
664 321 780 358 prope
799 308 884 345 luce
907 320 951 344 ac
976 306 1130 356 publico
1157 305 1362 343 caruerint.

130 398 161 415 ,ο
177 371 318 408 Mirari
347 371 480 421 magis,
511 373 605 410 adeo
636 373 850 422 discrepare
884 371 987 408 inter
1017 375 1203 418 auctores,
1235 382 1364 422 quam,

176 435 270 485 quid
290 435 371 472 veri
390 436 451 484 sit,
473 436 687 474 discernere
708 449 835 486 queas.

256 499 412 545 Quanto
438 505 568 539 autem
597 501 719 538 maior
744 513 788 538 ea
813 500 939 538 clades
965 499 1227 549 superioribus
1252 498 1366 536 cladi-

175 594 440 620 'linonomanshear
468 566 539 603 bus
571 566 698 613 fucrit,
734 565 794 602 vel
828 577 873 602 ea
902 577 963 602 res
995 565 1138 602 indicio
1170 569 1232 611 esc,
1265 562 1368 612 quod

175 626 204 649 οἱ
228 626 315 650 ‘evm‘
338 632 438 653 ΝΟΜ
455 630 556 679 fides
583 630 779 677 sociorum,
810 642 895 679 quae
925 629 974 666 ad
1004 642 1089 666 eam
1121 629 1225 666 diem
1253 628 1365 665 firma

175 656 245 680 their
260 656 335 680 allius
349 662 384 679 on
400 655 436 680 all

175 686 244 711 ⁸³d⁰³
262 687 310 710 ‘²¹¹‘
327 686 378 710 ΜΠ
393 688 441 710 ¹¹⁰²
470 698 640 742 steterat,
662 698 745 731 tum
767 694 897 730 labare
916 694 1042 743 coepit,
1063 693 1172 730 nulla
1193 693 1365 743 profecto

175 717 253 741 think
279 716 308 742 of
333 717 424 741 makin

173 754 261 777 peace.
426 723 442 747 g
465 759 541 795 alia
571 759 617 796 de
644 771 685 796 re
714 771 831 808 quam
858 759 961 808 quod
989 758 1288 808 desperaverant
1315 757 1364 795 de

125 847 152 864 Π
173 821 342 872 imperio.
380 823 565 861 Defecere
580 827 709 860 autem
726 823 775 860 ad
790 823 930 861 Poenos
946 823 987 860 hi
1001 823 1152 873 populi:
1171 821 1361 871 Atellani,

174 886 353 936 Calatini,
394 887 568 937 Hirpini,
607 887 829 938 Apulorum
865 900 963 937 pars,
997 886 1192 925 Samnites
1223 889 1364 937 praeter

124 976 154 994 12
173 951 348 999 Pentros,
372 952 522 989 Bruttii
547 964 689 999 omnes,
712 952 872 998 Lucani,
902 955 1041 1002 praeter
1065 951 1136 989 hos
1161 951 1360 998 Uzentini,

172 1020 212 1054 et
232 1017 453 1054 Graeoorum
472 1017 596 1054 omnis
615 1016 735 1053 ferme
755 1029 831 1062 ora,
854 1016 1068 1065 Tarentini,
1086 1015 1360 1066 Metapontini,

122 1097 155 1121 ¹3
174 1080 441 1118 Crotonienses
461 1081 662 1130 Locrique,
683 1084 722 1118 et
741 1080 928 1130 Cisalpini
952 1093 1085 1118 omnes
1104 1079 1220 1118 Galli.
1277 1079 1319 1117 N
1320 1092 1362 1117 ec

171 1149 301 1183 tamen
322 1159 373 1183 0ae
394 1146 518 1183 clades
537 1146 846 1194 defectionesque
866 1146 1057 1182 sociorum
1076 1148 1295 1193 moverunt,
1316 1149 1362 1183 ut

170 1209 274 1257 pacis
294 1222 455 1258 usquam
476 1209 620 1245 mentio
640 1209 742 1257 apud
763 1209 959 1246 Romanos
978 1208 1100 1256 fieret,
1119 1221 1245 1259 neque
1269 1213 1361 1248 ante

170 1270 336 1307 consulis
373 1270 540 1307 Romam
576 1271 790 1307 adventum
827 1283 897 1308 nec
933 1275 1137 1321 postquam
1173 1271 1208 1309 is
1244 1271 1361 1309 rediit

120 1353 151 1376 14
169 1334 449 1384 renovavitque
477 1335 701 1371 memoriam
728 1339 892 1385 acceptae
920 1335 1038 1372 cladis
1053 1349 1064 1383 3
1094 1347 1171 1385 quo
1198 1335 1241 1372 in
1266 1338 1360 1373 tem-

167 1412 260 1449 pore
288 1399 372 1449 ipso
401 1399 496 1436 adeo
525 1412 664 1448 magno
693 1399 823 1436 animo
853 1399 992 1437 civitas
1020 1399 1107 1446 fuit,
1134 1402 1181 1436 ut
1210 1398 1360 1437 consuli

168 1479 258 1503 varro
279 1484 314 1503 on
332 1478 373 1503 ms
389 1485 430 1503 re·
457 1477 507 1501 ex
533 1468 645 1501 tanta
671 1464 786 1511 clade,
809 1464 918 1501 cuius
943 1464 1026 1514 ipsc
1051 1477 1167 1502 causa
1188 1465 1359 1503 maxima

167 1511 232 1534 turn
252 1509 273 1534 is
295 1511 358 1538 met,
382 1511 430 1533 not
504 1529 511 1536 .
795 1529 802 1536 .
963 1530 970 1536 .
1060 1529 1067 1536 .

167 1540 230 1564 with
261 1540 431 1570 reproaches,
457 1529 603 1576 fuisset,
626 1529 806 1566 redeunti
825 1533 864 1566 et
883 1530 1038 1566 obviam
1057 1535 1158 1566 ltum
1183 1529 1359 1580 frequen-

167 1570 430 1656 ἓξῧξέιὲὲέῐέἒὲὲὶὲ
459 1597 519 1631 ter
551 1594 598 1630 ab
632 1594 810 1631 omnibus
841 1593 1043 1631 ordinibus
1072 1593 1124 1631 sit
1154 1597 1195 1632 ct
1222 1594 1357 1645 gratiae

166 1662 274 1687 weann.
457 1661 563 1706 actae,
578 1658 682 1708 quod
700 1658 747 1695 dc
766 1671 807 1695 re
826 1659 981 1708 publica
999 1671 1080 1696 non
1094 1658 1334 1708 desperasset
1343 1671 1357 1707 3

117 1741 147 1766 ις
167 1720 235 1770 qui
259 1720 294 1758 si
319 1720 700 1770 Carthaginiensium
726 1721 862 1759 ductor
886 1721 1033 1770 fuisset,
1055 1721 1154 1759 nihil
1180 1734 1357 1760 recusan-

165 1785 258 1822 dum
279 1785 457 1835 supplicii
476 1785 586 1823 foret.
