1455 2454
163 174 213 211 54
684 169 834 206 LIVII

162 275 319 320 pestate,
350 283 426 319 qua
453 269 528 318 ipsi
556 268 706 305 disiecti
735 268 872 313 forent,
902 280 986 304 eam
1014 280 1165 317 quoque
1191 268 1348 306 classem

131 345 147 369 6
162 336 210 372 ad
230 335 391 383 AEgates
411 333 556 369 insulas
575 329 786 383 deiectamq'
802 328 806 334 ’
824 331 933 377 Haec,
954 331 1055 368 sicut
1073 332 1207 369 audita
1225 339 1348 378 erant,

161 412 230 435 rex
260 398 314 435 M.
337 397 500 433 AEmilio
530 397 692 446 praetori,
724 396 833 432 cuius
866 395 998 432 Sicilia
1027 396 1226 444 provincia
1256 400 1351 440 erat,

162 462 376 512 perscribit,
398 465 616 510 monetque,
639 466 684 497 ut
708 460 923 508 Lilybaeum
951 460 1062 496 firmo
1086 464 1235 513 teneget
1260 472 1353 509 prae-

130 539 144 563 7
163 527 269 564 sidio.
342 517 550 575 Extemplo
580 530 619 562 et
649 538 671 561 a
703 529 865 574 praetore
898 524 998 560 circa
1035 524 1215 560 civitates
1245 523 1353 560 missi

162 591 279 640 legati
309 591 544 639 tribunique,
567 590 635 638 qui
662 602 750 626 suos
777 590 826 625 ad
855 602 987 625 euram
1015 588 1198 625 custodiae
1228 588 1352 624 inten-

131 663 147 687 8
164 656 309 702 del-ent,
329 661 363 691 et
382 660 473 691 ante
492 655 621 691 omnia
648 654 864 702 Lilybaeum
889 653 1014 690 teneri
1037 657 1226 702 apparatu
1247 653 1350 698 belli,

163 720 288 757 edicto
316 719 522 768 proposito,
543 723 589 755 ut
617 718 709 754 socii
732 718 888 754 navales
916 718 1046 754 decem
1071 717 1221 754 dierum
1246 721 1354 754 cocta

165 785 307 820 cibaria
326 784 374 820 ad
393 796 510 820 naves
530 783 734 828 deferrent,
751 786 808 828 ut,
823 782 891 818 ubi
910 781 1064 830 signum
1086 782 1221 818 datum
1241 786 1351 827 esset,

164 861 213 885 ne
241 848 335 897 quid
361 860 507 884 moram
536 846 813 883 conscendendi
845 846 998 893 faceret,
1027 859 1172 895 perque
1200 857 1355 882 omnem

165 925 280 958 oram,
295 911 361 960 qui
375 924 422 947 ex
438 910 601 959 speculis
616 910 878 959 prospicerent
892 909 1167 946 adventantem
1183 909 1354 946 hostium

131 989 147 1013 9
165 976 332 1020 classem,
355 975 518 1027 missisy
535 975 685 1023 Itaque,
705 987 925 1023 quanquam
941 974 987 1010 de
1002 973 1195 1010 industria
1215 973 1354 1010 morati

164 1053 316 1078 cursum
344 1039 502 1076 navium
531 1043 643 1076 erant
672 1039 1011 1087 Carthaginiensis,
1037 1043 1083 1075 ut
1110 1042 1200 1075 ante
1228 1038 1353 1075 lucem

164 1105 387 1142 accederent
417 1104 643 1152 Lilybaeum,
675 1116 907 1152 praesensum
936 1108 1068 1139 tamen
1095 1107 1164 1148 est,
1195 1103 1286 1152 quia
1314 1106 1354 1139 et

164 1169 257 1205 luna
289 1181 436 1217 pernox
466 1173 549 1204 erat
580 1171 619 1204 et
649 1168 810 1204 sublatis
848 1167 1099 1204 armamentis
1131 1167 1350 1205 veniebant.

116 1251 149 1269 ιο
167 1233 373 1281 Extemplo
403 1232 558 1280 sz'ynum
587 1232 721 1268 datum
755 1244 775 1267 e
805 1231 970 1280 speculis
1000 1235 1039 1268 et
1067 1231 1109 1267 in
1137 1231 1277 1281 oppido
1304 1231 1355 1268 ad

165 1310 271 1333 arma
296 1296 577 1333 conclamatum
605 1301 661 1332 est
689 1300 727 1332 et
752 1295 793 1331 in
820 1309 937 1332 naves
964 1308 1211 1332 conscensum
1225 1309 1235 1342 ;
1263 1307 1355 1343 pars

164 1361 334 1397 militum
354 1361 396 1396 in
416 1361 535 1396 muris
555 1364 830 1408 portarumque
858 1360 1100 1406 stationibus,
1122 1372 1210 1409 pars
1229 1359 1273 1396 in
1290 1372 1355 1396 na-

117 1442 147 1458 11
164 1425 277 1461 vibus
297 1428 417 1461 erant.
475 1424 529 1460 Et
553 1424 900 1472 Carthaginienses,
923 1424 1014 1472 quia
1038 1437 1122 1460 rem
1144 1425 1226 1460 fore
1250 1424 1356 1461 haud

165 1502 251 1526 cum
272 1488 471 1537 imparatis
497 1489 716 1533 cernebant,
738 1501 859 1537 usque
878 1488 924 1525 ad
949 1489 1074 1525 lucem
1099 1492 1216 1538 portu
1234 1502 1274 1526 se
1292 1489 1355 1525 ab·

141 1554 397 1599 Vstinuerunt,
429 1553 625 1589 demendis
657 1553 908 1589 armamentis
940 1566 984 1590 eo
1016 1557 1190 1602 tempore
1222 1557 1355 1602 aptan-

118 1636 149 1653 12
166 1618 289 1666 daque
317 1617 367 1653 ad
399 1630 568 1666 pugnam
597 1617 714 1653 classe
742 1618 956 1666 absumpto,
1016 1618 1099 1654 Ubi
1125 1618 1269 1665 illuxit,
1298 1631 1356 1655 re-

165 1695 297 1730 cepere
335 1681 493 1717 classem
534 1681 576 1717 in
619 1681 753 1727 altum,
793 1686 840 1718 ut
876 1682 1044 1730 spatium
1081 1695 1219 1731 pugnae
1257 1686 1356 1719 esset

166 1745 391 1794 exitumque
421 1745 586 1781 liberum
619 1759 639 1782 e
667 1750 782 1794 portu
810 1759 927 1782 naves
954 1746 1125 1783 hostium
1154 1746 1352 1785 haberent.

118 1823 148 1847 13
166 1809 250 1846 Nec
282 1808 451 1845 'Romani
478 1809 741 1846 detrectavere
769 1823 949 1858 pugnam,
977 1815 1017 1847 et
1044 1811 1229 1848 memoria
1256 1812 1356 1849 circa

164 1885 209 1909 ea
227 1872 310 1921 ipsa
335 1873 416 1909 loca
439 1877 634 1921 gestarum
654 1886 784 1910 rerum
808 1874 899 1910 freti
925 1878 964 1911 et
989 1875 1158 1912 militum
1178 1876 1356 1913 multitu-

99 1946 148 1983 50
165 1937 254 1974 dine
279 1950 322 1973 ac
341 1937 498 1973 virtute.
557 1937 642 1974 Ubi
666 1938 709 1974 in
734 1938 856 1974 altum
884 1940 1007 1975 evecti
1026 1943 1129 1985 sunt,
1152 1940 1354 1978 Romanus

457 2014 654 2038 conserere
678 2015 847 2051 pugnam
875 2007 913 2039 et
938 2016 986 2039 ex
1011 2004 1228 2053 propinquo
1251 2004 1355 2041 vires

457 2067 627 2103 conferre
650 2067 750 2103 velle
763 2080 773 2113 ;
802 2072 936 2104 contra
964 2068 1116 2105 eludere
1143 2068 1287 2106 Poenus
1314 2073 1355 2106 et

165 2133 259 2175 arte,
282 2142 360 2166 non
379 2130 420 2166 vi
439 2144 518 2167 rem
539 2144 682 2180 gerere,
703 2132 939 2181 naviumque
960 2145 1074 2181 quam
1094 2133 1266 2170 virorum
1285 2138 1356 2170 aut

134 2208 150 2233 3
167 2206 359 2229 armorum
389 2195 502 2231 malle
535 2199 729 2232 certamen
757 2196 889 2233 facere.
947 2196 1052 2233 Nam
1080 2201 1127 2234 ut
1153 2197 1266 2234 sociis
1289 2211 1355 2235 na-

166 2257 318 2295 valibus
343 2258 490 2296 affatim
515 2259 743 2297 instructam
770 2260 940 2306 classem,
968 2260 1025 2298 ita
1050 2261 1203 2310 inopem
1229 2261 1355 2300 milite

164 2032 186 2056 is
198 2031 294 2056 routed
308 2031 348 2056 off
360 2032 430 2062 Lily-

134 2090 149 2107 2
165 2063 263 2088 baeum.
