1434 2402
154 144 203 180 88
674 135 822 173 LIVII

154 240 348 289 propalam
377 238 417 273 in
447 236 584 283 vulgus
611 247 679 283 pro
707 237 930 270 cunctatore
950 245 1115 281 segnem,
1138 246 1206 282 pro
1225 236 1340 270 cauto

155 304 332 340 timidum
353 302 536 349 affingens
556 299 685 335 vicina
705 298 917 334 virtutibus
944 297 1049 344 vitia,
1072 297 1339 347 compellabat,

153 366 434 416 premendoque
462 364 708 413 superiorem,
731 376 815 412 quae
837 362 1002 411 pessima
1022 375 1083 398 ars
1102 362 1220 398 nimis
1240 374 1340 412 pros-

153 431 253 481 peris
272 430 481 466 multorum
501 428 736 465 successibus
755 427 888 473 crevit,
910 439 990 463 sese
1009 426 1232 463 extollebat.
1245 439 1269 481 ὲ

87 502 133 538 13
234 494 434 531 Hannibal
463 506 511 530 ex
540 492 721 541 Hirpinis
747 492 787 527 in
816 491 1017 528 Samnium
1045 491 1198 536 transit,
1221 490 1341 527 Bene-

445 561 655 594 ventanum
685 555 942 605 depopulatur
972 568 1118 604 agrum,
1150 554 1339 591 Telesiam

154 590 290 614 Hannibal
309 589 416 614 crosscd

153 622 209 645 ΜΟ
269 620 416 648 ⁵³¹³⁰³¹¹¹¹¹⁷
448 623 580 659 urbem
614 621 728 670 capit,
760 620 892 656 irritat
922 620 1041 657 etiam
1072 620 1119 656 de
1149 619 1340 656 industria

171 651 206 675 nd
215 651 383 675 thenceinho
404 658 417 673 e

153 656 421 742 {2ss}}{ebss²gfigg¹i}f
447 687 594 732 ducem,
616 685 649 721 si
677 685 776 721 forte
802 697 1004 721 accensum
1023 688 1084 721 tot
1102 684 1340 733 indignitati-

153 745 181 768 ιο
194 742 346 772 Campania,
446 751 515 786 bus
552 763 596 787 ac
633 749 806 786 cladibus
837 749 1026 785 sociorum
1060 749 1264 785 detrahere
1294 748 1342 784 ad

121 835 136 851 2
153 828 306 864 aequum
326 818 518 851 certamen
534 815 664 863 possit.
707 813 820 850 Inter
840 813 1133 849 multitudinem
1154 812 1341 849 sociorum

155 879 286 917 italici
312 879 474 928 generis,
499 879 565 928 qui
594 878 642 915 ad
668 878 975 914 Trasumennum
1013 877 1115 926 capti
1152 878 1201 914 ab
1235 876 1343 914 Han-

155 945 282 981 nibale
308 944 532 992 dimissique
554 944 718 989 fuerant,
741 947 821 979 tres
846 943 1034 992 Campani
1054 943 1203 991 equites
1219 945 1342 987 erant,

155 1009 288 1046 multis
314 1009 389 1045 iam
415 1012 499 1045 tum
524 1008 642 1045 illecti
671 1007 781 1044 donis
804 1007 1078 1056 promissisque
1106 1006 1343 1043 Hannibalis

123 1093 137 1116 3
155 1074 202 1110 ad
232 1072 489 1110 conciliandos
520 1072 764 1121 popularium
794 1072 953 1108 animos.
1014 1071 1073 1107 Hi
1101 1071 1342 1118 nuntiantes,

156 1139 188 1175 si
218 1139 258 1175 in
298 1137 547 1186 Campaniam
576 1137 787 1173 exercitum
825 1136 1068 1183 admovisset,
1109 1136 1250 1185 Capuae
1281 1148 1344 1184 po-

156 1203 293 1239 tiendae
320 1202 467 1250 copiam
498 1202 588 1247 fore,
622 1214 740 1250 quum
776 1213 835 1237 res
868 1201 990 1237 maior
1022 1214 1139 1250 quam
1169 1204 1344 1238 auctores

155 1272 265 1313 esset,
300 1266 462 1302 dubium
502 1266 768 1302 Hannibalem
802 1265 1041 1314 alternisque
1078 1265 1262 1302 fidentem
1301 1278 1343 1301 ac

155 1332 391 1368 diffidentem
421 1334 563 1376 tamen,
598 1334 645 1366 ut
673 1329 889 1379 Campanos
918 1343 966 1366 ex
997 1329 1154 1367 Samnio
1181 1333 1342 1379 peteret,

123 1422 138 1443 4
156 1400 369 1432 moverunt.
430 1395 603 1431 Monitos
634 1394 752 1431 etiam
780 1399 897 1443 atque
926 1394 1056 1441 etiam,
1086 1400 1131 1431 ut
1157 1394 1342 1444 promissa

155 1462 269 1498 rebus
293 1460 538 1506 affirmarent,
560 1459 758 1508 iussosque
785 1473 871 1496 cum
896 1459 1072 1509 pluribus
1092 1463 1131 1496 et
1149 1459 1344 1509 aliquibus

123 1544 137 1567 5
155 1526 373 1575 principum
400 1525 525 1561 redire
553 1524 601 1560 ad
632 1537 672 1561 se
706 1524 865 1562 dimisit.
924 1524 1014 1573 Ipse
1044 1525 1212 1574 imperat
1242 1524 1341 1571 duci,

155 1620 204 1644 but
213 1626 266 1644 was
274 1619 319 1649 gui
322 1619 352 1642 de
355 1618 372 1643 d
383 1618 418 1648 by
446 1592 491 1624 ut
517 1601 556 1624 se
574 1589 617 1624 in
636 1601 771 1637 agrum
793 1588 1014 1625 Casinatem
1035 1589 1162 1635 ducat,
1185 1588 1344 1626 edoctus

155 1649 421 1705 ffiiiakinss‘t'effisugi
448 1666 470 1688 a
498 1652 634 1701 peritis
662 1652 875 1701 regionum,
901 1653 933 1689 si
964 1665 1053 1689 eum
1075 1652 1219 1689 saltum
1238 1665 1344 1689 occu-

156 1711 289 1736 Casinum.
446 1720 583 1765 passet,
617 1716 767 1752 exitum
798 1717 976 1753 Romano
1004 1717 1053 1753 ad
1081 1730 1192 1766 opem
1222 1718 1346 1754 feren-

123 1794 138 1817 6
155 1781 243 1816 dam
262 1780 372 1817 sociis
391 1780 718 1829 interclusurum3
747 1781 812 1817 sed
841 1781 1032 1817 Punicum
1060 1781 1269 1818 abhorrens
1297 1781 1345 1818 ab

157 1844 383 1880 Latinorum
410 1846 610 1881 nominum
626 1845 944 1893 pronuntiatione
964 1859 1012 1889 os,
1037 1845 1256 1883 Casilimmn
1276 1859 1346 1896 pro

158 1909 295 1945 Casino
323 1909 404 1945 dux
427 1916 472 1946 ut
495 1910 694 1959 acciperet,
726 1910 826 1956 fecit,
858 1923 1092 1959 aversusque
1117 1911 1165 1947 ab
1191 1924 1260 1948 suo
1282 1911 1344 1948 iti-

157 1986 247 2010 nere
265 1986 333 2022 per
352 1973 573 2010 Allifanum
594 1974 907 2023 Callifanumque
933 1978 972 2011 et
999 1974 1186 2012 Calenum
1209 1988 1344 2024 agrum

125 2058 139 2081 7
159 2038 199 2073 in
217 2050 394 2085 campum
415 2037 614 2075 Stellatem
635 2039 842 2075 descendit.
901 2039 986 2077 Ubi
1005 2053 1127 2089 quum
1146 2040 1346 2077 montibus

158 2101 457 2151 fluminibusque
478 2103 646 2139 clausam
662 2104 858 2152 regionem
875 2104 1221 2153 circumspexisset,
1237 2117 1345 2142 voca-

125 2178 141 2202 8
159 2168 240 2201 tum
263 2166 397 2202 ducem
418 2171 678 2215 percontatur,
700 2168 768 2204 ubi
789 2172 981 2205 terrarum
1001 2173 1109 2206 esset.
1161 2169 1291 2214 Quum
1311 2169 1345 2206 is

162 2228 323 2266 Casilini
350 2243 393 2266 eo
422 2230 483 2267 die
510 2244 737 2268 mansurum
766 2246 853 2269 eum
877 2233 1050 2280 dixisset,
1078 2238 1163 2270 tum.
1189 2234 1345 2272 demum
