1434 2402
130 68 202 106 120
646 61 798 99 LIVII

93 186 108 211 7
125 164 347 215 priusquam
367 166 492 199 castra
513 160 643 197 videat
670 162 738 195 aut
767 158 929 204 hostem,
950 155 1108 193 insanit.
1166 155 1220 192 Et
1247 155 1314 204 qui

125 234 254 266 tantas
273 228 348 264 iam
369 239 472 262 nunc
491 224 675 274 procellas
698 222 833 272 proelia
863 225 980 270 atque
1009 221 1109 257 acies
1137 219 1315 256 iactando

125 294 226 329 inter
263 295 410 340 togatos
447 289 532 334 ciet,
572 288 665 337 quid
703 287 806 323 inter
844 289 1034 322 armatam
1071 285 1313 321 iuventutem

124 367 252 393 censes
272 356 462 391 facturum
484 358 524 390 et
546 353 612 389 ubi
643 351 838 400 extemplo
869 362 929 386 res
961 349 1078 385 verba
1107 348 1312 397 sequitur?

92 433 106 458 8
125 420 251 468 Atqui
284 419 316 455 si
345 418 416 464 hic,
447 418 549 467 quod
584 417 775 453 facturum
805 428 843 451 se
873 413 1090 459 denuntiat,
1121 412 1314 462 extemplo

125 483 365 534 pugnaverit,
397 486 467 519 aut
492 495 559 531 ego
595 494 671 517 rem
709 480 925 524 militarem,
958 477 1049 514 belli
1083 477 1153 513 hoc
1181 489 1312 526 geum,

124 549 272 585 hostem
306 548 408 584 hunc
441 547 586 596 ignoro,
618 552 686 582 aut
720 544 885 581 nobilior
917 543 1017 579 alius
1051 542 1314 579 Trasumenno

90 632 107 656 9
125 613 229 649 loeus
257 611 398 648 nostris
427 610 598 647 cladibus
627 610 711 646 erit.
771 608 810 644 N
813 621 854 645 ec
874 606 1064 657 gloriandi
1082 610 1234 655 tempus
1252 606 1314 642 ad-

126 690 256 714 versus
294 689 412 712 unum
452 680 520 722 est,
554 679 593 711 et
628 687 695 723 ego
727 672 1007 710 contemnendo
1039 671 1166 720 potius
1197 683 1312 720 quam

124 741 336 790 appetendo
355 739 515 789 gloriam
538 739 692 775 modum
723 737 978 782 excesserim3
1006 735 1071 772 sed
1101 735 1158 772 ita
1185 748 1246 772 res
1275 748 1314 772 se

124 805 263 842 habet:
292 817 370 840 una
399 803 499 840 ratio
530 803 619 839 belli
649 802 808 851 gerendi
837 802 1019 838 adversus
1050 800 1312 837 Hannibalem

76 889 106 905 10
123 874 192 916 est,
231 882 306 918 qua
348 881 417 917 ego
458 868 565 917 gessi.
625 867 708 904 Nec
746 871 909 903 eventus
947 867 1058 903 modo
1097 866 1167 902 hoc
1203 865 1314 901 docet

126 933 349 983 (stultorum
382 933 454 969 iste
488 932 670 981 magister
700 930 786 980 est),
824 931 889 967 sed
920 932 1051 968 eadem
1086 930 1195 977 ratio,
1230 942 1315 978 quae

124 998 199 1034 fuit
232 998 449 1045 futuraque,
481 997 598 1033 donec
628 1009 687 1033 res
716 996 856 1033 eaedem
885 996 1108 1041 manebunt,
1138 995 1314 1031 immuta-

78 1083 105 1099 η
125 1059 212 1096 bilis
242 1063 308 1095 est.
369 1059 417 1095 In
453 1058 568 1095 Italia
596 1059 739 1095 bellum
769 1058 947 1107 gerimus,
980 1059 1019 1094 in
1048 1058 1136 1095 sede
1163 1071 1208 1094 ac
1234 1057 1314 1093 solo

125 1127 255 1160 nostro
270 1137 280 1170 3
311 1124 439 1160 omnia
470 1123 569 1159 circa
597 1123 710 1172 plena
739 1123 883 1159 civium
911 1137 954 1160 ac
983 1123 1170 1160 sociorum
1199 1125 1314 1169 sunt3

125 1189 250 1233 armis,
282 1188 383 1234 viris,
414 1187 531 1236 equis,
558 1188 835 1224 commeatibus
861 1188 999 1224 iuvant
1022 1188 1313 1236 iuvabuntque:

77 1277 105 1293 12
124 1253 163 1289 id
200 1253 275 1289 iam
313 1252 402 1288 fidei
442 1252 714 1289 documentum
750 1252 791 1288 in
823 1252 994 1289 adversis
1027 1253 1140 1289 rebus
1172 1251 1315 1288 nostris

125 1318 337 1363 dederunt3
384 1317 569 1362 meliores,
612 1317 890 1365 prudentiores,
931 1318 1209 1354 constantiores
1246 1328 1314 1352 nos

77 1404 106 1427 13
124 1386 275 1431 tempus
302 1382 458 1430 diesque
486 1381 590 1419 facit.
650 1381 848 1418 Hannibal
881 1386 1013 1418 contra
1042 1382 1083 1418 in
1112 1382 1248 1427 aliena,
1273 1381 1314 1417 in

124 1446 255 1483 hostili
279 1450 337 1482 est
363 1451 467 1482 terra
486 1446 589 1483 inter
608 1446 738 1483 omnia
758 1447 913 1483 inimica
933 1448 1160 1496 infestaque,
1182 1445 1313 1495 procul

124 1512 171 1547 ab
200 1511 322 1557 domo,
352 1511 400 1546 ab
429 1511 578 1560 patria3
606 1523 731 1560 neque
760 1511 816 1547 illi
845 1516 949 1548 terra
977 1524 1102 1560 neque
1130 1510 1228 1547 mari
1255 1515 1315 1547 est

124 1589 228 1625 pax;
258 1575 374 1612 nullae
398 1588 484 1612 eum
515 1576 628 1612 urbes
656 1576 862 1625 accipiunt,
884 1576 994 1612 nulla
1023 1575 1163 1612 moenia
1177 1588 1187 1621 3
1216 1575 1313 1612 nihil

77 1662 107 1684 14
124 1653 283 1689 usquam
319 1640 379 1677 sui
413 1640 530 1686 videt,
564 1640 606 1676 in
639 1640 741 1676 diem
769 1644 879 1690 rapto
909 1640 1009 1676 vivit
1025 1653 1035 1687 3
1069 1644 1215 1690 partem
1248 1639 1314 1675 vix

124 1705 280 1742 tertiam
309 1705 502 1742 exercitus
533 1705 614 1741 eius
643 1705 767 1752 habet,
794 1718 908 1754 quem
939 1705 1132 1741 Hiberum
1162 1717 1314 1741 amnem

125 1769 303 1816 traiecit3
330 1769 459 1818 plures
490 1770 591 1806 fame
624 1782 738 1818 quam
773 1769 873 1806 ferro
904 1769 1125 1818 absumpti3
1156 1782 1226 1805 nec
1255 1768 1316 1804 his

76 1855 106 1880 ¹⁵
123 1834 254 1883 paucis
284 1834 360 1870 iam
393 1834 518 1870 victus
548 1834 778 1883 suppeditat.
837 1834 1006 1870 Dubitas
1026 1846 1126 1882 ergo,
1148 1833 1243 1882 quin
1262 1845 1315 1869 se-

124 1901 248 1938 dendo
267 1899 485 1949 superaturi
505 1899 624 1936 simus
644 1912 743 1944 eum,
765 1899 832 1948 qui
857 1903 1027 1935 senescat
1056 1898 1096 1934 in
1124 1898 1217 1944 dies,
1238 1910 1314 1934 non

123 1968 368 2010 commeatus,
390 1977 466 2000 non
487 1963 808 2013 supplementum,
829 1976 905 1999 non
927 1963 1130 2011 pecuniam
1149 1962 1316 2000 habeat?

76 2042 106 2068 16
125 2029 319 2074 Quamdiu
356 2041 425 2077 pro
463 2027 655 2074 Gmeonii,
691 2027 838 2064 castelli
873 2028 1028 2077 Apuliae
1061 2026 1198 2076 inopis,
1233 2030 1313 2063 tan-

76 2116 107 2142 ¹⁷
124 2107 240 2143 quam
272 2106 340 2142 pro
374 2093 619 2142 Carthaginis
653 2093 843 2129 moenibus
883 2093 1016 2130 sedet?
1073 2091 1148 2129 Sed
1177 2104 1226 2128 ne
1253 2092 1315 2128 ad-

124 2170 258 2198 versus
277 2161 315 2194 te
334 2158 489 2207 quidem
509 2158 556 2194 de
576 2170 636 2194 me
655 2157 856 2206 gloriabor.
899 2157 967 2195 Cn.
992 2156 1180 2193 Servilius
1198 2160 1315 2205 atque
