1403 2438
504 119 674 156 LIBER
710 118 828 157 XXI.
1206 117 1256 154 33

70 220 154 268 ripa
187 217 368 255 Rhodani
404 218 685 255 mediterranea
720 216 856 254 Galliae
895 216 1002 265 petit,
1044 228 1122 252 non
1166 215 1258 265 quia

70 282 210 320 rectior
227 282 278 320 ad
290 282 412 331 Alpes
429 282 491 319 via
511 287 620 329 esset,
638 281 714 328 sed,
732 285 920 330 quantum
941 294 963 317 a
990 309 1044 334 ‚md
1071 309 1192 334 marcnes
1218 316 1256 340 up

68 346 166 383 mari
197 346 425 391 recessisset,
446 345 572 382 minus
606 345 765 381 obvium
785 345 865 380 sore
889 344 964 380 Ro-
992 340 1256 400 ξ’,ζξιξξζζθζζξέξῦᾛξ

67 422 224 446 manum
252 409 419 454 credens,
445 421 531 445 cum
561 420 647 457 quo,
669 407 892 456 priusquam
922 408 963 443 in
991 401 1256 461 {²:Jssfswssfff‘mss‘2mg
1274 420 1288 444 3

69 472 226 510 Italiam
247 477 408 510 ventum
430 473 541 519 foret,
561 485 635 508 non
668 476 751 508 erat
776 471 816 508 in
837 471 964 508 animo
993 463 1037 486 ‘¹¹⁰
1050 462 1218 492 A¹¹⁰bmg⁰⁸⁶

67 550 204 574 manus
223 549 429 574 conserere.
476 536 634 581 Quartis
650 537 784 572 castris
803 535 850 572 ad
868 535 1042 572 insulam
1064 535 1250 584 pervenit.
1273 550 1287 572 4

67 601 132 638 Ibi
151 601 259 637 Isara
282 601 576 649 Rhodanusque
602 613 733 637 amnes
755 600 917 636 diversis
937 612 985 636 ex
1004 600 1175 648 Alpibus
1194 599 1255 636 (le-

66 669 275 710 currentes,
292 665 373 714 agri
389 665 632 714 aliquantum
649 664 817 713 amplexi
834 664 1034 700 confluunt
1052 664 1094 699 in
1114 676 1234 700 unum
1243 675 1255 710 3

65 729 203 766 mediis
221 729 366 778 campis
383 729 527 765 Insulae
548 742 688 765 nomen
707 729 888 766 inditum.
932 728 1117 764 Incolunt
1136 741 1254 777 prope
1272 741 1286 765 5

64 793 306 842 Allobroges,
327 806 420 842 gens
446 794 520 830 iam
548 794 636 830 inde
662 793 771 830 nulla
801 792 951 829 Gallica
975 796 1090 841 gente
1118 793 1254 841 opibus

63 865 133 894 aut
151 857 254 894 sama
272 858 441 894 inferior.
482 858 580 894 Tum
602 858 744 894 discors
763 861 854 894 erat.
897 857 1025 906 Regni
1044 857 1254 894 certamine
1270 864 1286 888 6

63 921 310 970 ambigebant
347 922 483 958 fratres
497 936 507 968 3
536 923 657 958 maior
689 926 728 958 et
760 922 829 970 qui
858 921 966 970 prius
998 922 1250 970 imperitarat,

63 983 238 1022 Braneus
265 985 431 1031 nomine,
458 986 606 1022 minore
633 986 682 1022 ab
708 986 827 1022 fratre
856 989 895 1022 ct
917 989 1018 1022 coetu
1042 985 1251 1031 iuniorum,

62 1049 130 1098 qui
159 1050 243 1086 iure
273 1050 403 1086 minus
438 1051 475 1086 vi
505 1050 592 1099 plus
626 1054 787 1099 poterat,
822 1050 1048 1098 pellebatur.
1118 1049 1251 1086 Huius
1270 1065 1285 1089 7

14 1132 19 1137 ·
61 1113 261 1150 seditionis
291 1119 579 1163 peropportuna
611 1115 839 1164 disceptatio
870 1127 991 1163 quum
1021 1114 1070 1151 ad
1099 1113 1253 1150 Hanni-

60 1177 185 1223 balem
205 1178 346 1215 reiecta
364 1183 472 1225 esset,
495 1179 638 1216 arbiter
657 1180 767 1228 regui
791 1179 927 1224 factus,
949 1179 1051 1227 quod
1077 1191 1121 1214 ea
1145 1191 1252 1215 sena-

61 1245 126 1278 tus
158 1242 452 1292 principumque
485 1245 677 1280 sententia
708 1245 843 1289 fuerat,
876 1244 1082 1292 imperium
1113 1243 1250 1280 maiori

61 1306 244 1344 restituit.
303 1307 364 1344 Ob
391 1308 430 1343 id
455 1308 636 1344 meritum
667 1312 882 1345 commeatu
910 1309 1093 1357 copiaque
1120 1320 1248 1344 reruni
1268 1321 1283 1346 8

60 1370 244 1417 omnium,
277 1372 445 1408 maxime
475 1373 606 1418 vestis,
643 1377 701 1408 est
735 1373 901 1417 adinum,
938 1384 1054 1420 quam
1086 1371 1249 1408 infames

59 1434 265 1483 frigoribus
280 1435 404 1484 Alpes
421 1437 627 1484 praeparari
643 1437 838 1484 cogebant.
883 1436 1032 1472 Sedatis
1045 1435 1248 1472 Hannibal
1265 1454 1281 1478 9

59 1499 336 1536 certaminibus
370 1500 629 1549 Allobrogum
666 1513 786 1549 quum
818 1500 894 1536 iam
928 1499 1051 1548 Alpes
1087 1504 1246 1549 peteret,

59 1575 135 1600 non
163 1568 266 1600 recta
291 1565 445 1612 regione
470 1565 546 1600 iter
570 1565 754 1610 instituit,
777 1565 842 1600 sed
867 1564 916 1600 ad
941 1564 1077 1600 laevam
1100 1565 1142 1600 in
1167 1565 1250 1602 Tri-

58 1627 223 1664 castinos
241 1627 351 1664 flexit
366 1641 376 1675 ς
407 1628 497 1664 inde
516 1641 584 1677 per
603 1632 816 1665 extremam
839 1641 944 1665 oram
964 1628 1248 1667 Vocontiorum

57 1690 141 1740 agri
159 1691 286 1728 tendit
304 1692 346 1728 in
360 1692 560 1738 Tricorios,
577 1692 681 1729 haud
700 1705 863 1742 usquam
883 1693 953 1730 im·
983 1706 1026 1730 ne
1039 1707 1105 1744 5!an
1123 1708 1201 1743 tqrps
1218 1709 1246 1732 to

58 1754 189 1804 pedita
213 1755 288 1801 via,
313 1755 537 1805 priusquam
563 1757 612 1793 ad
633 1757 864 1793 Druentiam
886 1757 953 1794 ssu-
981 1737 1247 1794 iiiicziiiicasiffiiaffi‘i

57 1830 146 1854 men
173 1819 360 1867 pervenit.
419 1819 460 1856 Is
480 1824 519 1856 et
537 1820 619 1869 ipse
639 1820 808 1870 Alpinus
827 1822 951 1858 amnis
980 1798 1037 1854 {1¹35}
1051 1805 1120 1823 river
1139 1799 1246 1823 Drum—
1265 1841 1297 1858 10

58 1882 170 1931 longe
197 1883 371 1920 omnium
400 1883 536 1920 Galliae
564 1884 770 1921 fluminum
798 1885 1046 1924 difficillimus
1077 1888 1246 1926 transitu
1287 1925 1292 1932 ,

57 1949 136 1993 est3
165 1959 267 1994 nam,
283 1960 401 1996 quum
423 1961 530 1996 aquae
553 1949 631 1985 vim
652 1949 769 1986 vehat
787 1950 995 1998 ingentem,
1016 1963 1095 1988 non
1114 1955 1244 1990 tamen

58 2010 218 2046 navium
237 2012 389 2060 patiens
408 2017 477 2059 est,
491 2013 583 2061 quia
602 2013 720 2049 nullis
740 2015 926 2050 coercitus
946 2014 1050 2063 ripis,
1067 2016 1244 2064 pluribus
1263 2035 1291 2052 11

57 2074 173 2111 simul
205 2087 330 2124 neque
361 2076 497 2114 iisdem
530 2077 650 2114 alveis
676 2078 809 2123 fluens,
841 2091 941 2115 nova
970 2091 1119 2128 semper
1146 2081 1244 2118 vada

57 2150 252 2188 novosque
271 2141 441 2189 gurgites
468 2139 524 2191 (et
542 2142 590 2178 ob
611 2142 743 2178 eadem
766 2142 889 2191 pediti
917 2155 1070 2192 quoque
1097 2144 1244 2182 ineerta

58 2201 122 2239 via
141 2202 228 2253 est),
249 2203 297 2240 ad
317 2203 388 2240 hoe
407 2216 500 2241 saxa
517 2205 688 2254 glareosa
707 2206 879 2253 volvens,
899 2206 998 2243 nihil
1016 2208 1154 2245 stabile
1173 2221 1244 2246 nee

170 2288 204 2318 c.
227 2288 262 2319 L.
1102 2285 1127 2324 3
