1455 2454
157 194 206 232 60
676 191 829 229 LIVII

121 310 137 334 7
154 292 232 329 iam
264 296 355 329 ante
387 291 546 329 consilio
579 291 718 328 avidus
756 292 992 338 certaminis,
1034 292 1180 331 eduxit.
1243 293 1342 332 Erat

154 357 252 393 forte
281 357 424 393 brumae
452 361 605 406 tempus
634 361 673 393 et
701 356 842 393 nivalis
870 357 950 393 dies
981 357 1021 393 in
1054 357 1146 395 locis
1175 359 1341 408 Alpibus

153 435 287 460 whilethe
297 435 419 460 Romans
447 420 762 470 Appenninoque
794 421 1019 467 interiectis,
1052 422 1342 472 propinquitate

153 465 420 531 {iii‘ffissionqin'ffffffiii
448 480 565 522 etiam
599 485 803 521 fluminum
832 498 875 521 ac
904 485 1089 534 paludum
1112 487 1338 536 praegelidis.

122 557 135 580 8
154 526 359 586 liin-i'ssirsliiz'rtsff
379 527 421 551 ωε
449 550 515 586 Ad
553 549 625 586 hoc
663 550 804 598 raptim
841 550 989 586 eductis
1029 550 1251 588 hominibus
1287 555 1343 588 at-

154 628 227 664 que
255 616 374 664 equis,
402 628 482 652 non
509 618 620 663 capto
645 618 735 651 ante
766 614 861 660 cibo,
892 628 970 651 non
999 627 1069 663 ope
1099 614 1178 651 ulla
1204 614 1253 650 ad
1285 627 1342 651 ar-

153 680 316 716 cendum
350 680 471 729 frigus
499 679 685 723 adhibita,
715 679 814 714 nihil
844 679 980 716 caloris
1009 679 1143 725 inerat,
1172 683 1211 715 et
1239 679 1342 728 quic-

159 743 253 791 quid
284 756 386 779 aurae
423 743 595 779 fluminis
623 742 998 791 appropinquabant,
1029 742 1184 778 afflabat
1220 741 1343 777 aerior

120 823 134 846 9
154 807 306 856 frigoris
335 807 403 843 vis.
462 806 524 843 Ut
549 819 640 843 vero
664 806 897 855 refugientes
922 806 1114 843 Numidas
1139 806 1342 854 insequen-

152 875 210 908 tes
246 884 385 920 aquam
424 871 585 920 higressi
623 876 715 908 sunt
754 872 810 922 (et
848 876 931 908 erat
969 871 1189 921 pectoribus
1226 876 1341 909 tenus

152 940 267 972 aucta
308 940 497 973 nocturno
539 937 682 987 imbri),
718 941 802 973 tum
841 937 976 986 utique
1017 937 1177 986 egressis
1217 938 1341 988 rigere

151 1001 330 1037 omnibus
367 1014 533 1050 corpora,
575 1005 620 1037 ut
652 1002 721 1037 vix
758 1014 952 1038 armorum
989 1003 1246 1039 tenendorum
1278 1015 1341 1052 po-

152 1065 279 1101 tentia
306 1069 444 1110 essent,
473 1069 514 1101 et
541 1065 656 1101 simul
684 1065 914 1102 lassitudine
938 1070 987 1112 et,
1009 1067 1238 1115 procedente
1263 1067 1340 1103 iam

84 1137 132 1173 55
152 1130 225 1177 die,
255 1131 356 1166 fame
384 1130 502 1167 etiam
530 1130 700 1167 deficere.
758 1131 996 1168 Hannibalis
1029 1131 1186 1167 interim
1217 1131 1338 1178 miles,

150 1194 306 1243 ignibus
331 1199 421 1231 ante
447 1194 617 1231 tentoria
644 1195 755 1231 factis
781 1195 940 1244 oleoque
959 1208 1027 1244 per
1046 1195 1272 1244 manipulos,
1294 1198 1341 1231 ut

150 1258 350 1295 mollirent
383 1262 500 1305 artus,
535 1258 652 1294 misso
685 1262 724 1294 et
757 1258 840 1294 cibo
873 1271 941 1307 per
970 1258 1093 1294 otium
1124 1261 1245 1307 capto,
1271 1257 1340 1294 ubi

149 1326 405 1371 transgressos
433 1323 577 1358 flumen
604 1322 734 1358 hostes
762 1323 986 1359 nuntiatum
1013 1326 1080 1369 est,
1109 1322 1234 1359 alacer
1259 1322 1340 1359 ani-

149 1385 223 1422 mis
248 1386 548 1435 corporibusque
571 1399 679 1423 arma
698 1387 801 1436 capit
819 1391 936 1436 atque
955 1387 996 1423 in
1015 1387 1134 1423 aciem
1154 1388 1336 1436 procedit.

116 1473 131 1490 2
150 1448 322 1486 Baliares
353 1449 454 1486 locat
481 1453 572 1486 ante
601 1449 710 1498 signa
737 1463 782 1487 ac
812 1450 936 1486 levem
969 1454 1218 1497 armaturam,
1252 1456 1339 1489 octo

149 1513 267 1549 ferme
294 1512 417 1548 millia
435 1512 647 1559 hominum,
670 1513 761 1549 dein
781 1513 998 1561 graviorem
1019 1514 1135 1550 armis
1154 1514 1336 1563 peditem,

150 1577 252 1625 quod
279 1576 433 1622 virium,
465 1577 567 1625 quod
594 1576 742 1613 roboris
770 1581 878 1624 erat,
906 1577 949 1613 in
974 1578 1152 1615 cornibus
1179 1578 1338 1616 circum-

149 1641 252 1677 fudit
280 1641 410 1677 decem
436 1641 559 1677 millia
587 1641 775 1689 equitum,
798 1645 837 1677 et
861 1642 910 1677 ab
930 1642 1111 1678 cornibus
1130 1642 1172 1678 in
1190 1646 1336 1679 utram-

116 1725 131 1749 3
149 1717 222 1753 que
248 1709 396 1753 partem
425 1704 568 1741 divisos
594 1704 819 1753 elephantos
844 1705 993 1742 statuit.
1054 1705 1198 1743 Consul
1218 1706 1337 1744 effuse

148 1772 350 1817 sequentes
378 1768 537 1817 equites,
568 1781 688 1817 quum
720 1769 769 1805 ab
798 1768 1068 1806 resistentibus
1096 1770 1225 1807 subito
1253 1771 1337 1808 Nu-

147 1832 262 1869 midis
287 1832 433 1869 incauti
461 1832 743 1881 exciperentur,
773 1832 883 1882 signo
911 1834 1084 1882 receptui
1110 1835 1201 1871 dato
1228 1847 1335 1871 revo-

114 1916 130 1939 4
148 1901 252 1933 catos
275 1896 527 1933 circumdedit
551 1896 756 1945 peditibus.
815 1897 1099 1946 Duodeviginti
1118 1897 1240 1934 millia
1258 1897 1336 1934 Ro-

148 1972 262 1996 mana
295 1964 418 2005 erant,
452 1960 596 1996 socium
626 1960 795 1997 nominis
825 1960 958 1997 Latini
995 1961 1148 2010 viginti,
1186 1963 1335 2000 auxilia

147 2029 329 2074 praeterea
375 2024 682 2062 Cenomanorum
695 2038 706 2072 3
753 2038 798 2062 ea
834 2025 915 2062 sola
950 2026 992 2062 in
1029 2026 1104 2064 fide
1139 2031 1335 2065 manserat

115 2104 129 2128 5
149 2090 296 2127 Gallica
323 2103 424 2138 gens.
484 2090 541 2126 Iis
569 2090 689 2139 copiis
717 2103 943 2127 concursum
972 2096 1040 2129 est.
1099 2092 1284 2130 Proelium
1311 2106 1335 2130 a

149 2154 366 2190 Baliaribus
399 2158 526 2191 ortum
559 2158 642 2201 est3
688 2155 830 2204 quibus
867 2168 986 2204 quum
1020 2156 1163 2193 maiore
1198 2158 1334 2194 robore

147 2216 316 2265 legiones
348 2217 586 2264 obsisterent,
617 2218 776 2255 diducta
803 2232 963 2268 propere
995 2219 1037 2256 in
1066 2233 1209 2257 cornua
1237 2220 1334 2258 levis

147 2284 343 2320 armatura
372 2286 440 2329 est,
471 2295 555 2332 quae
582 2295 643 2320 res
672 2282 809 2332 effecit,
837 2287 883 2320 ut
910 2283 1106 2333 equitatus
1134 2284 1334 2322 Romanus
