1403 2438
507 129 680 166 LIBER
716 130 830 168 XXI.
1208 128 1257 165 49

147 226 226 264 His
253 227 591 264 adhortationibus
619 241 742 277 quum
769 227 954 276 utrinque
983 226 1031 264 ad
1061 229 1256 263 certamen
1274 230 1324 268 45

69 292 218 329 accensi
252 291 424 328 militum
458 291 579 327 animi
616 295 755 336 essent,
795 290 964 327 Romani
991 316 1256 341 'rhenomansmove

70 360 187 406 ponte
211 356 391 393 Ticinum
417 355 595 405 iungunt,
617 355 850 404 tutandique
874 367 964 403 pon·
991 347 1138 402 ᾒξζῖζζῑξξ
1149 346 1258 401 ᾙξζζζξῗ

69 421 122 458 tis
153 433 267 458 causa
298 419 498 457 castellum
536 420 694 468 insuper
726 419 934 467 imponunt
951 432 961 465 3
992 408 1044 438 '’a'’

70 484 225 530 Poenus,
263 484 440 521 hostibus
473 496 584 533 opere
622 483 830 532 occupatis,
869 482 1137 519 Maharbalem
1168 495 1255 519 cum
1275 496 1289 512 2

69 549 132 586 ala
176 548 450 595 Numidarum,
489 548 685 598 equitibus
725 547 960 597 quingentis,
1000 548 1049 584 ad
1091 548 1257 596 depopu-

70 612 204 649 landos
229 612 420 650 sociorum
449 612 582 662 populi
611 611 780 648 Romani
802 624 914 660 agros
943 612 1095 659 mittit3
1134 611 1257 648 Gallis
1275 629 1289 653 3

68 676 175 726 parci
202 689 318 726 quam
345 676 514 713 maxime
542 676 662 721 iubet,
692 675 989 725 principumque
1027 676 1177 712 animos
1208 675 1257 712 ad

69 739 321 777 defectionem
347 739 556 776 sollicitari.
615 738 742 775 Ponte
765 738 933 788 perfecto
957 739 1162 775 traductus
1182 738 1259 775 Ro-

68 815 206 840 manus
233 803 426 840 exercitus
447 802 488 838 in
517 815 653 851 agrum
682 801 909 839 Insubrium
937 802 1108 852 quinque
1133 801 1259 839 millia

69 879 251 916 passuum
271 867 319 903 ab
345 865 552 903 Ictumulis
581 865 765 902 consedit.
823 865 888 902 Ibi
908 865 1111 902 Hannibal
1132 869 1258 902 castra
1277 885 1291 908 4

68 933 260 980 habebat3
290 936 542 980 revocatoque
570 944 730 980 propere
758 931 985 967 Maharbale
1012 935 1129 980 atque
1155 931 1258 980 equi-

70 996 188 1042 tibus,
230 1008 351 1045 quum
397 995 539 1031 instare
583 999 777 1031 certamen
824 997 1009 1042 cerneret,
1053 994 1152 1031 nihil
1190 1007 1258 1031 un-

69 1071 186 1109 quam
219 1059 312 1095 satis
348 1058 496 1095 dictum
533 1059 881 1108 praemonitumque
915 1059 964 1095 ad
991 1089 1050 1112 who
1067 1096 1194 1119 prepares
1216 1089 1258 1114 for

69 1123 323 1160 cohortandos
342 1123 487 1159 milites
506 1127 624 1170 ratus,
642 1123 788 1160 vocatis
808 1123 856 1160 ad
876 1136 963 1160 con·
991 1119 1260 1180 ξξῖᾟῇζζέξωῐξξζξξῗ

70 1187 216 1225 tionem
242 1191 348 1224 certa
370 1187 528 1236 praemia
551 1188 791 1236 pronuntiat,
812 1187 853 1224 iu
877 1200 966 1236 quo·
994 1180 1256 1211 ¹³⁰¹²¹³tyt⁰hi³¹²²ffi

69 1245 158 1289 rum
191 1265 297 1302 spem
347 1257 592 1302 pugnarent:
646 1266 782 1303 agrum
823 1266 904 1291 sese
950 1254 1133 1291 daturum
1176 1266 1256 1291 esse
1277 1274 1290 1297 5

70 1315 113 1352 in
147 1315 277 1362 Italia,
313 1315 462 1361 Africa,
497 1315 702 1364 Hispania,
738 1316 808 1352 ubi
843 1316 1006 1366 quisque
1035 1316 1154 1353 vellet
1189 1316 1257 1352 im-

69 1392 225 1417 munem
269 1379 354 1428 ipsi,
395 1380 463 1428 qui
506 1380 723 1429 accepisset,
765 1380 996 1430 liberisque3
1040 1380 1108 1430 qui
1148 1394 1259 1430 pecu-

69 1443 176 1481 niam
217 1456 332 1493 quam
374 1456 508 1493 agrum
551 1444 760 1490 maluisset,
799 1445 835 1480 ei
875 1458 915 1481 se
953 1449 1113 1493 argento
1150 1444 1258 1481 satis-

70 1508 291 1556 facturum3
337 1507 405 1557 qui
441 1507 630 1544 sociorum
663 1508 766 1544 cives
800 1507 1136 1557 Carthaginienses
1174 1508 1253 1551 fieri
1275 1521 1290 1546 6

70 1571 227 1617 vellent,
255 1574 484 1620 potestatem
513 1571 733 1618 facturum,
764 1571 830 1620 qui
859 1571 990 1609 domos
1017 1573 1142 1609 redire
1165 1572 1257 1608 mal-

71 1633 164 1679 lent,
185 1633 368 1670 daturum
386 1646 427 1670 se
451 1647 616 1683 operam,
636 1647 686 1671 ne
705 1634 814 1671 cuius
834 1647 991 1672 suorum
1010 1636 1253 1686 popularium

71 1701 261 1734 mutatam
281 1710 410 1734 seeum
428 1698 625 1735 fortunam
645 1711 724 1735 esse
744 1699 901 1735 vellent.
960 1698 1089 1736 Servis
1105 1712 1256 1749 quoque
1277 1722 1291 1745 7

72 1762 247 1799 dominos
274 1763 484 1811 prosecutis
512 1763 732 1800 libertatem
761 1763 954 1813 proponit,
990 1764 1155 1813 binaque
1187 1777 1257 1814 pro

70 1825 120 1864 iis
146 1826 339 1875 mancipia
365 1826 532 1863 dominis
561 1839 600 1864 se
628 1827 884 1865 redditurum.
943 1828 1077 1877 anue
1103 1833 1149 1866 ut
1172 1833 1257 1866 rata
1277 1845 1292 1869 8

70 1888 215 1926 scirent
240 1889 333 1936 fore,
362 1902 504 1938 agnum
533 1890 630 1927 laeva
657 1903 787 1937 manu,
817 1891 977 1928 dextera
1001 1891 1147 1929 silicem
1169 1891 1259 1929 reti-
1315 1916 1319 1921 ι

71 1964 178 2000 nens,
208 1953 240 1990 si
268 1953 430 2001 falleret,
460 1953 595 1991 Iovem
623 1958 845 2004 ceterosque
873 1959 1051 2004 precatus
1080 1956 1181 2004 deos,
1201 1956 1259 1993 ita

71 2029 112 2054 se
141 2022 368 2065 mactarent,
398 2019 722 2068 quemadmodum
750 2019 832 2069 ipse
865 2033 1009 2069 agnum
1039 2025 1255 2068 mactasset,

71 2082 280 2119 secundum
299 2084 558 2132 precationem
571 2089 688 2134 caput
701 2085 858 2135 pecudis
878 2098 972 2123 saxo
988 2086 1098 2124 elisit.
1158 2085 1256 2123 Tum
1273 2099 1291 2125 9

71 2155 164 2182 vero
182 2157 324 2191 omnes,
345 2145 455 2182 velut
473 2146 548 2184 diis
572 2147 794 2184 auctoribus
822 2147 865 2184 in
890 2160 996 2196 spem
1024 2160 1132 2184 suam
1158 2149 1259 2197 quis-

73 2218 148 2257 que
171 2209 350 2259 acceptis,
376 2209 418 2247 id
447 2222 574 2258 morae,
604 2211 707 2260 quod
733 2211 907 2249 nondum
941 2215 1172 2262 pugnarent,
1209 2213 1259 2250 acl

186 2293 224 2326 ο.
246 2294 283 2326 L.
1116 2288 1144 2328 4
