1403 2438
474 139 640 177 LIBER
677 138 824 177 XXII.
1164 141 1234 178 141

47 240 141 278 tivis
160 240 306 291 copiam
327 240 470 287 facorc;
501 240 666 288 pretium
689 240 767 276 fore
786 239 827 275 in
841 238 969 288 capita
988 237 1111 287 equiti
1131 239 1240 288 quin-

46 317 162 354 genos
181 305 428 355 quadrigatos
457 317 645 349 nummos,
668 307 840 339 trecenos
868 302 999 352 pediti,
1021 314 1132 338 servo
1156 315 1240 338 cen-

46 373 166 406 tenos.
225 369 456 418 Quanquam
485 368 728 416 aliquantum
759 367 1014 403 adiiciebatur
1042 366 1238 415 equitibus
1257 389 1272 414 5

46 433 95 470 ad
114 432 153 469 id
173 433 353 482 pretium,
374 445 449 482 quo
469 431 694 481 pepigerant
720 430 902 467 dedentes
928 442 978 476 se,
1001 430 1081 467 laeti
1106 434 1239 467 tamen

47 508 316 546 quamcunque
342 495 602 533 condicionem
630 494 845 543 paciscendi
864 497 1103 542 acceperunt.
1155 494 1240 531 Pla·
1257 507 1273 531 6

45 560 128 597 cuit
157 560 338 609 suffragio
366 559 537 608 ipsorum
567 558 696 595 decem
721 557 847 606 deligi,
880 556 946 606 qui
975 571 1027 595 and
1042 571 1092 595 lets
1105 572 1148 595 ten
1161 578 1194 600 go
1210 573 1239 595 to

46 624 213 662 Romam
246 623 296 661 ad
337 627 514 660 senatum
548 622 661 668 irent,
697 634 767 659 nec
806 621 946 670 pignus
975 601 1064 662 {5233}ss
1081 604 1110 626 ω
1127 602 1176 626 ¹⁸³⁸
1199 602 1240 626 [θ’

45 687 152 725 aliud
179 687 280 735 fidei,
305 700 421 737 quam
450 690 495 722 ut
523 686 697 723 iurarent
725 698 764 722 se
793 685 995 731 redituros,
1024 689 1237 735 acceptum.

46 751 194 791 Missus
218 765 306 790 cum
331 752 392 788 his
413 750 607 796 Carthalo,
629 750 770 786 nobilis
796 749 1136 798 Carthaginiensis,
1159 750 1236 799 qui,
1258 770 1274 795 7

46 818 79 855 si
98 817 198 854 forte
218 817 267 854 ad
286 828 418 866 pacem
437 814 644 851 inclinaret
663 813 824 859 animus,
848 813 1089 850 condiciones
1108 813 1236 851 ferret.

46 880 176 926 Quum
203 879 344 930 egressi
369 878 504 916 eastris
529 882 668 921 essent,
688 890 790 914 unus
816 890 863 914 ex
892 877 950 924 iis,
973 876 1132 914 minime
1163 877 1237 914 Ro·
1257 884 1273 909 8

46 945 151 982 mani
171 944 318 994 ingenii
337 943 461 989 homo,
479 942 603 979 veluti
622 942 770 990 aliquid
789 941 944 987 oblitus,
966 941 1063 978 iuris
1085 941 1241 978 iurandi

45 1009 220 1048 solvendi
249 1021 363 1046 causa
391 1020 509 1057 quum
539 1007 582 1043 in
610 1011 734 1043 castra
762 1006 935 1052 redisset,
966 1010 1056 1043 ante
1087 1010 1237 1043 noctem

45 1075 205 1113 comites
224 1072 450 1122 assequitur.
494 1071 578 1109 Ubi
598 1071 762 1107 Romam
779 1071 911 1107 venire
931 1083 993 1107 eos
1012 1070 1239 1106 nuntiatum
1257 1082 1274 1106 9

45 1143 115 1185 est,
150 1137 377 1176 Carthaloni
410 1137 565 1174 obviam
601 1136 714 1173 lictor
751 1136 899 1182 missus,
935 1135 1002 1185 qui
1040 1135 1240 1172 dictatoris

45 1202 174 1239 verbis
193 1202 404 1248 nuntiaret,
426 1205 471 1238 ut
490 1205 580 1238 ante
600 1204 752 1237 noctem
781 1200 982 1237 excederet
1001 1199 1142 1236 finibus
1179 1200 1240 1236 {o-

45 1266 180 1304 manis.
252 1265 408 1315 Legatis
437 1265 678 1315 captivorum
709 1268 864 1301 senatus
896 1264 944 1300 ab
974 1301 1024 1318 one
1047 1293 1076 1318 of
1093 1294 1180 1317 whom
1200 1256 1306 1318 Μ159

46 1331 235 1368 dictatore
262 1330 377 1367 datus
402 1334 470 1374 est,
491 1342 656 1379 quorum
681 1330 857 1378 princeps
886 1328 942 1366 M.
974 1324 1240 1380 {1fl¹‡.¹³¹¹⁵'sss',¹ss{}‘0¹³w}{,¹,l

48 1396 190 1433 Iunius
208 1395 375 1432 “Patres
389 1394 625 1443 conscripti⁷’
646 1394 786 1443 inquit,
802 1397 945 1430 “nemo
976 1386 1057 1410 ‘¹¹⁰¹¹¹·

47 1463 222 1497 nostrum
249 1458 414 1508 ignorat,
435 1458 537 1494 nulli
564 1471 735 1507 unquam
763 1458 913 1494 civitati
942 1458 1095 1495 viliores
1122 1458 1240 1495 fuisse

46 1524 219 1573 captivos
243 1535 357 1572 quam
383 1526 550 1570 nostrae3
581 1527 762 1567 ceterum,
784 1522 860 1559 nisi
885 1522 994 1559 nobis
1021 1523 1108 1572 plus
1136 1522 1238 1559 iusto
1257 1544 1272 1561 2

47 1591 180 1624 nostra
199 1586 324 1636 placet
344 1599 468 1633 causa,
489 1599 568 1623 non
587 1586 653 1623 alii
675 1599 844 1636 unquam
869 1587 998 1623 minus
1017 1587 1239 1636 negligendi

47 1652 158 1689 vobis
177 1664 293 1701 quam
313 1663 383 1688 nos
401 1650 443 1687 in
461 1650 633 1687 hostium
652 1655 881 1700 potestatem
903 1655 1103 1688 venerunt.
1146 1651 1187 1688 Ν
1189 1665 1239 1688 on
1258 1670 1273 1694 3

47 1715 152 1752 enim
170 1714 213 1750 in
232 1715 312 1750 acie
331 1727 399 1763 per
419 1714 598 1750 timorem
624 1726 730 1750 arma
755 1714 998 1760 tradidimus,
1018 1714 1096 1760 sed,
1117 1727 1238 1764 quum

47 1792 167 1830 prope
199 1779 248 1816 ad
279 1782 431 1816 noctem
462 1782 724 1828 superstantes
756 1779 922 1816 cumulis
951 1791 1134 1816 caesorum
1163 1792 1242 1816 cor-

49 1858 185 1895 porum
205 1844 382 1894 proelium
402 1845 715 1890 extraxissemus,
730 1844 772 1880 in
791 1848 915 1881 castra
930 1843 1135 1893 recipimus
1151 1856 1239 1891 nos3

48 1910 127 1947 diei
153 1909 346 1959 reliquum
374 1922 418 1946 ac
445 1913 598 1946 noctem
620 1909 900 1958 insequentem,
922 1908 1011 1946 fessi
1038 1908 1169 1945 labore
1198 1921 1240 1945 ac
1258 1926 1273 1951 4

51 1974 286 2020 vulneribus,
316 1974 463 2010 vallum
495 1987 628 2011 sumus
655 1974 777 2010 tutati
791 1986 801 2020 ς
831 1978 983 2023 postero
1015 1974 1089 2022 die,
1119 1988 1238 2024 quun]
1258 1990 1298 2014 5r

49 2037 285 2075 circumsessi
315 2037 363 2074 ab
393 2037 566 2074 exercitu
598 2038 744 2074 victore
774 2050 875 2086 aqua
906 2051 1134 2084 arceremur,
1170 2050 1241 2075 nec

51 2102 129 2138 ulla
143 2102 219 2138 iam
239 2113 308 2150 per
327 2100 516 2138 confertos
536 2101 664 2138 hostes
684 2102 913 2150 erumpendi
933 2115 1017 2150 spes
1038 2105 1148 2148 esset,
1170 2114 1240 2139 neo

49 2178 130 2202 esse
148 2164 258 2202 nefas
278 2165 510 2212 duceremus,
533 2167 816 2216 quinquaginta,
842 2167 1013 2203 millibus
1038 2166 1240 2203 hominum

49 2243 99 2268 ex
122 2231 203 2269 acie
226 2235 358 2268 nostra
386 2231 598 2279 trucidatis,
622 2232 791 2282 aliquem
820 2245 868 2269 ex
889 2230 1085 2269 Cannensi
1110 2242 1240 2280 pugna
