1455 2454
58 123 80 160 2
578 124 730 162 LIVII

57 219 154 256 bant
168 219 338 269 ingentis
353 220 466 269 spirit
472 233 514 257 us
528 220 654 257 virum
672 220 802 258 Sicilia
815 221 1068 273 Sardiniaque
1081 223 1247 261 amissae:

56 297 147 321 nam
168 290 206 321 et
233 285 406 321 Siciliam
428 285 545 321 nimis
571 285 686 322 celeri
714 286 979 335 desperatione
1006 300 1135 324 rerum
1163 300 1249 325 con-

57 363 201 388 cessam
227 354 267 387 et
293 349 514 386 Sardiniam
538 350 644 387 inter
667 355 817 387 motum
836 351 982 389 Africae
1011 352 1147 390 fraude
1173 353 1250 390 Ro-

57 427 273 459 manorum,
298 414 491 463 stipendio
517 413 635 450 etiam
660 413 817 466 insuper
844 414 1035 463 imposito,
1063 415 1251 464 intercep-

16 480 39 517 2
60 484 150 518 tam.
211 480 290 517 His
315 481 457 517 anxius
482 480 584 517 curis
609 480 667 516 ita
686 493 725 517 se
743 480 881 517 Africo
908 481 1020 526 bello,
1042 481 1147 530 quod
1175 481 1252 518 fuit

59 544 130 580 sub
162 547 358 581 recentem
391 544 610 580 Romanam
642 557 784 593 pacem,
815 557 883 593 per
915 544 1088 594 quinque
1116 557 1249 592 annos,

59 608 116 643 ita
135 606 273 644 deinde
295 618 438 643 novem
461 606 575 642 annis
602 606 645 642 in
673 606 869 656 Hispania
897 608 1073 656 augendo
1102 606 1252 644 Punico

25 687 40 703 2
59 695 142 720 which
170 702 223 720 was
252 696 324 726 post-
351 670 512 719 imperio
531 670 660 718 gessit,
689 674 734 706 ut
759 674 973 719 appareret,
1001 670 1125 708 maius
1149 684 1249 718 eum,

59 726 328 792 fissnssgefflggfflhffl‘}
353 747 471 784 quam
493 734 596 784 quod
621 738 782 783 gereret,
803 734 949 783 agitare
967 735 1010 770 in
1029 734 1157 771 animo
1177 734 1253 771 bel-

59 788 208 812 Hamilcar.
352 800 446 846 lum,
461 803 510 845 et,
526 799 560 836 si
574 799 721 835 diutius
733 799 905 846 vixisset,
916 798 1142 835 Hamilcare
1157 799 1253 836 duce

59 863 200 901 Poenos
228 876 336 900 arma
365 863 492 900 Italiae
529 863 708 900 illaturos
736 863 864 910 fuisse,
895 875 980 912 quae
1013 862 1253 899 Hannibalis

59 928 179 964 ductu
206 927 437 965 intulerunt.

25 1017 40 1042 3
139 991 249 1029 BIors
268 991 507 1028 Hamilcaris
530 995 819 1041 peropportuna
843 994 883 1028 et
908 990 1076 1040 pueritia
1101 990 1254 1028 Hanni-

59 1056 158 1093 balis
187 1056 426 1093 distulerunt
462 1056 618 1093 bellum.
695 1055 850 1092 Medius
888 1055 1113 1092 Hasdrubal
1149 1055 1254 1092 inter

60 1124 211 1170 patrem
229 1134 274 1158 ac
293 1121 417 1157 filium
438 1125 523 1158 octo
549 1120 670 1158 ferme
696 1132 816 1156 annos
835 1119 1042 1169 imperium
1069 1119 1251 1166 obtinuit,

27 1204 41 1227 4
60 1186 153 1223 flore
182 1186 320 1233 aetatis,
350 1185 412 1222 uti
441 1185 584 1232 ferunt,
614 1184 739 1233 primo
768 1184 987 1220 Hamilcari
1015 1183 1251 1230 conciliatus,

60 1264 178 1300 gener
199 1251 290 1287 inde
316 1251 364 1287 ob
393 1250 510 1286 aliam
537 1249 707 1299 indolem
735 1249 907 1298 profecto
936 1248 1058 1285 animi
1085 1247 1254 1285 adscitus

60 1320 111 1363 et,
128 1315 220 1365 quia
237 1328 355 1364 gener
374 1319 467 1361 erat,
483 1313 664 1350 factionis
685 1313 858 1350 Barcinae
879 1312 1026 1362 opibus,
1045 1325 1130 1362 quae
1150 1312 1254 1361 apud

60 1381 205 1417 milites
224 1380 452 1430 plebemque
472 1379 559 1428 plus
579 1391 694 1427 quam
717 1378 875 1414 modicae
896 1380 1018 1423 erant,
1040 1376 1145 1413 haud
1163 1388 1254 1413 sane

27 1461 42 1485 s
61 1445 265 1482 voluntate
284 1444 517 1494 principum,
531 1443 574 1479 in
592 1443 755 1492 imperio
774 1442 933 1491 positus.
977 1441 1020 1478 Is
1038 1440 1151 1490 plura
1169 1453 1255 1477 con-

60 1510 148 1547 silio
177 1522 294 1558 quam
322 1509 364 1545 vi
391 1521 539 1557 gerens,
563 1506 742 1556 hospitiis
770 1506 892 1555 magis
920 1506 1142 1558 regulorum
1169 1517 1255 1542 con-

59 1589 227 1618 Hasdrubal,
286 1589 327 1613 his
355 1572 609 1621 ciliandisque
634 1558 932 1621 penamicitiam
951 1571 1171 1619 principum
1190 1582 1255 1606 no-

60 1627 199 1645 successor
214 1620 327 1644 iucom-
384 1636 391 1642 .
544 1636 551 1642 .
1117 1633 1125 1640 .

60 1651 150 1680 mand,
196 1650 328 1675 emended
355 1648 415 1672 vis
447 1636 629 1685 gentibus
659 1647 775 1684 quam
804 1634 905 1670 bello
933 1637 1002 1670 aut
1030 1645 1147 1669 armis
1172 1645 1254 1669 rem

60 1683 107 1706 the
138 1681 272 1705 influence
301 1681 331 1704 of
533 1699 540 1706 .
575 1699 583 1706 .
817 1698 823 1705 .
1113 1697 1120 1704 .
1156 1697 1163 1704 .
1243 1696 1250 1703 .

28 1712 44 1736 ⁶
62 1713 195 1743 Carthage
206 1712 234 1736 in
246 1711 329 1743 Spain
359 1699 718 1749 Carthaginiensem
734 1702 855 1750 augit.
888 1698 1070 1735 Ceterum
1082 1697 1205 1734 nihilo
1218 1709 1255 1733 ei

62 1780 139 1815 pax
152 1766 275 1803 tutior
286 1765 382 1812 fuit3
404 1764 590 1801 barbarus
603 1776 692 1800 eum
708 1763 867 1813 quidam
880 1762 1008 1812 palam
1023 1762 1071 1799 ob
1086 1761 1184 1798 iram
1198 1761 1255 1798 in-

61 1831 216 1868 terfecti
234 1831 282 1867 ab
302 1843 345 1867 eo
365 1829 513 1866 domini
532 1829 739 1865 obtruncat
754 1841 765 1875 3
787 1839 1109 1876 comprensusque
1125 1826 1173 1862 ab
1185 1825 1254 1862 cir-

63 1894 348 1932 cumstantibus
373 1893 478 1930 haud
501 1893 587 1940 alio,
610 1905 727 1941 quam
753 1892 786 1929 si
812 1891 1005 1937 evasisset,
1027 1891 1152 1936 vultu,
1179 1893 1255 1926 tor-

63 1958 204 1996 mentis
230 1970 383 2008 quoque
406 1970 528 2006 quum
553 1957 798 2003 laceraretur,
826 1969 870 1993 eo
895 1955 974 1993 fuit
1001 1954 1140 1992 habitu
1164 1954 1251 2001 oris,

63 2027 109 2060 ut
146 2026 355 2073 superante
387 2021 526 2058 laetitia
556 2021 705 2058 dolores
737 2020 902 2057 ridentis
935 2019 1053 2056 etiam
1089 2019 1254 2068 speciem

31 2110 45 2134 7
64 2087 285 2138 praebuerit.
344 2086 443 2124 Cum
469 2087 541 2124 hoc
562 2085 822 2129 Hasdrubale,
842 2084 934 2133 quia
961 2085 1068 2121 mirae
1092 2083 1187 2121 artis
1212 2084 1255 2121 in

65 2152 322 2189 sollicitandis
342 2151 524 2200 gentibus
543 2149 783 2198 imperioque
802 2161 871 2185 suo
890 2148 1324 2201 iungendisaefiufflggnff-

67 2216 190 2253 foedus
210 2216 466 2253 renovaverat
483 2213 648 2263 populus
664 2213 876 2262 Romanus,
893 2205 1040 2253 utfinis
1052 2217 1252 2267 utriusque
