1403 2438
516 144 548 181 L
555 144 578 180 I
578 143 688 180 BER
724 143 839 180 XXI.
1224 143 1241 179 1
1251 143 1272 179 5

81 243 263 289 dirutam,
283 245 434 291 captam
457 241 536 278 fere
563 245 685 278 totam
712 240 839 286 habet,
862 238 1011 286 adimit,
1032 250 1141 288 agros
1162 239 1275 275 relin-

82 307 181 358 quit,
219 306 346 343 locum
383 306 659 355 assignaturus,
699 305 740 340 in
778 316 854 353 quo
895 316 1041 340 novum
1086 303 1273 353 oppidum

82 370 288 409 aedificetiS.
346 370 503 407 Aurum
528 374 568 406 et
595 372 798 417 argentum
828 380 951 414 omne,
973 367 1169 416 publicum
1199 367 1274 417 pri·

81 439 306 485 vatumque,
337 434 386 471 ad
416 446 456 471 se
488 433 598 470 iubet
627 432 791 480 deferri3
829 444 987 480 corpora
1016 435 1156 479 vestra,
1188 444 1274 468 con·
1291 453 1306 476 7

83 500 219 549 iugum
256 511 299 536 ac
329 499 538 535 liberorum
575 501 794 534 vestrorum
831 500 962 532 servat
1004 496 1201 542 inviolata,
1241 496 1274 532 si
1298 501 1301 504 ⁴

82 563 249 601 inermes
277 576 365 600 cum
389 563 493 598 binis
512 561 755 598 vestimentis
775 560 904 596 velitis
933 560 981 596 ab
1011 559 1183 608 Sagunto
1212 572 1274 597 ex-

84 627 152 665 ire.
209 626 307 664 Haee
326 626 453 663 victor
471 625 592 662 hostis
612 626 799 674 imperat,
828 624 916 671 haec,
939 636 1160 673 quanquam
1181 628 1273 661 sunt
1292 639 1307 664 3

85 691 219 741 gravia
237 694 353 740 atque
372 690 518 737 acerba,
535 689 692 726 fortuna
708 693 836 725 vestra
848 688 957 725 vobis
977 688 1123 726 suadet.
1154 688 1273 738 Equi-

84 755 173 792 dem
190 754 296 792 haud
314 755 484 804 despero,
505 767 627 803 quum
647 753 821 790 omnium
845 756 1015 802 potestas
1033 752 1068 789 ei
1087 753 1190 789 facta
1209 753 1270 799 sit,

85 818 233 868 aliquid
251 831 301 855 ex
318 818 379 855 his
398 819 512 855 rebus
530 818 779 854 remissurum
788 831 799 865 5
825 817 891 854 sed
911 817 973 854 vel
992 816 1072 854 haec
1090 817 1273 866 patienda
1290 840 1306 865 9

85 896 220 921 censeo
255 883 396 933 potius,
435 895 553 932 quam
588 882 776 919 trucidari
817 894 975 931 corpora
1011 886 1151 927 vestra,
1189 882 1274 931 rapi

87 947 267 997 trahique
285 952 376 984 ante
395 959 462 984 ora
480 951 610 984 vestra
634 947 814 995 coniuges
839 959 882 983 ac
907 946 1048 983 liberos
1073 946 1166 983 belli
1189 946 1274 983 iure

87 1011 258 1049 sinatis.”

165 1075 232 1113 Ad
251 1075 331 1112 haec
349 1075 541 1112 audienda
563 1087 684 1124 quum
709 1074 942 1112 circumfusa
966 1074 1154 1123 paulatim
1179 1075 1276 1111 mul-
1294 1081 1343 1118 14

87 1139 257 1177 titudine
285 1140 524 1190 permixtum
546 1140 699 1176 senatui
724 1143 824 1176 esset
850 1139 984 1189 populi
1011 1167 1069 1191 'rho
1103 1169 1216 1198 capture
1251 1167 1279 1192 ot

88 1202 305 1251 concilium,
343 1208 501 1253 repente
538 1204 736 1253 primores,
773 1205 983 1241 secessione
1011 1198 1173 1228 Saguntum.

88 1267 199 1315 facta,
221 1267 448 1317 priusquam
466 1281 693 1318 responsum
712 1269 881 1316 daretur,
902 1273 1108 1318 argentum
1127 1281 1279 1305 aurum-

89 1343 164 1381 que
182 1344 296 1369 omne
321 1345 370 1369 ex
395 1332 550 1382 publico
575 1333 803 1382 privatoque
823 1333 865 1370 in
884 1333 1011 1369 forum
1035 1333 1218 1369 collatum
1236 1332 1279 1369 in

89 1395 218 1445 ignem
237 1396 287 1433 ad
305 1396 345 1432 id
365 1397 508 1446 raptim
519 1397 664 1434 factum
680 1397 937 1444 conficientes
955 1397 1088 1434 eodem
1106 1397 1280 1447 plerique

90 1463 211 1497 semet
242 1460 317 1509 ipsi
348 1461 699 1510 praecipitaverunt.
763 1461 893 1506 Quum
927 1474 976 1498 ex
1009 1474 1053 1498 eo
1086 1474 1206 1511 pavor
1237 1475 1280 1498 ac
1297 1488 1312 1505 2

91 1523 297 1573 trepidatio
326 1527 449 1561 totam
476 1525 612 1561 urbem
637 1525 876 1574 pervasisset,
908 1525 1008 1563 alius
1039 1525 1198 1575 insuper
1222 1529 1281 1563 tu-

91 1587 238 1625 multus
266 1601 316 1626 ex
346 1601 432 1626 arce
465 1589 633 1628 auditur.
691 1589 825 1626 Turris
855 1590 922 1627 diu
951 1594 1130 1640 quassata
1159 1591 1280 1639 proci-

91 1652 212 1700 derat,
242 1665 386 1702 perque
415 1653 569 1690 ruinam
607 1654 690 1690 eius
724 1654 858 1691 cohors
891 1654 1100 1694 Poenorum
1129 1655 1280 1705 impetu

91 1716 192 1754 facto
215 1729 336 1766 quum
359 1716 513 1766 signum
540 1717 766 1767 imperatori
794 1718 972 1766 dedisset,
993 1719 1182 1756 nudatam
1207 1723 1280 1757 sta-

91 1780 263 1818 tionibus
291 1781 550 1830 custodiisque
578 1782 701 1819 solitis
729 1782 900 1819 hostium
928 1796 1008 1820 esse
1036 1783 1181 1830 urbem,
1201 1796 1280 1820 non
1298 1805 1314 1830 3

92 1845 360 1902 cunctandum*
384 1845 428 1882 in
460 1846 532 1882 tali
567 1847 764 1884 occasione
796 1850 904 1884 ratus
937 1847 1152 1894 Hannibal,
1186 1848 1281 1885 totis

92 1908 241 1946 viribus
259 1921 458 1959 aggressus
477 1910 613 1946 urbem
631 1914 827 1948 momento
846 1911 960 1960 cepit,
981 1911 1091 1961 signo
1111 1912 1212 1959 dato,
1234 1917 1280 1949 ut
1301 1918 1307 1926 ¹

93 1984 226 2010 omnes
253 1974 416 2022 puberes
446 1974 767 2013 interficerentur.
826 1975 938 2020 Quod
963 1975 1171 2025 imperium
1198 1989 1281 2013 cru-

93 2036 188 2083 dele,
211 2041 379 2075 ceterum
398 2051 515 2088 prope
534 2040 789 2075 necessarium
816 2039 1015 2088 cognitum
1034 2040 1117 2089 ipso
1137 2044 1280 2077 eventu

94 2105 153 2138 est
166 2114 177 2148 3
205 2101 267 2138 cui
287 2102 390 2139 enim
414 2103 520 2152 parci
544 2103 675 2156 potuit
701 2116 750 2140 ex
769 2103 828 2149 iis,
850 2103 920 2153 qui
944 2107 1014 2140 aut
1032 2103 1172 2141 inclusi
1192 2117 1279 2141 cum
1296 2127 1312 2153 4

95 2164 320 2214 coniugibus
339 2179 382 2203 ac
401 2166 530 2204 liberis
549 2167 681 2204 domos
706 2180 822 2216 super
841 2180 880 2204 se
899 2167 1000 2217 ipsos
1020 2181 1280 2205 concremave-

95 2233 188 2267 runt
205 2233 275 2268 aut
293 2231 433 2268 armati
450 2231 603 2268 nullum
623 2227 714 2268 ante
735 2231 850 2268 finem
876 2244 1014 2281 pugnae
1033 2245 1150 2281 quam
1168 2232 1282 2269 mori-
