1455 2454
124 158 149 197 6
628 156 780 194 LIVII

124 255 377 293 multitudine
397 255 486 292 freti
507 258 557 300 et,
579 253 681 302 quod
701 257 809 290 metu
832 252 988 290 cessisse
1006 253 1212 290 credebant
1230 253 1312 290 hos-

123 325 214 367 tem,
235 321 275 357 id
303 319 445 356 morari
471 318 676 355 victoriam
704 317 792 363 rati,
820 317 922 366 quod
948 317 1150 354 interesset
1173 317 1309 364 amnis,

125 385 291 422 clamore
311 384 462 421 sublato
482 382 624 432 passim
643 382 724 419 sine
750 382 867 419 ullius
887 381 1058 430 imperio,
1080 394 1156 430 qua
1174 381 1312 430 cuique

76 471 106 495 13
122 449 342 498 proximum
367 452 435 493 est,
465 447 506 483 iu
535 435 688 484 amnem
714 450 845 484 ruunt.
905 446 958 482 Et
984 459 1033 483 ex
1055 450 1166 495 parte
1189 445 1312 482 altera

122 513 215 562 ripae
243 513 303 549 vis
341 512 476 561 ingens
507 511 682 560 equitum
714 511 755 547 in
781 511 925 547 flumen
958 510 1138 556 immissa,
1170 510 1311 548 medio-

121 590 196 626 que
233 577 341 614 alveo
374 577 671 625 haudquaquam
708 575 792 625 pari
830 575 1038 612 certamine
1071 588 1310 623 coneursum,

72 658 101 682 η
121 641 263 691 quippe
289 641 356 678 ubi
382 641 495 690 pedes
520 640 713 676 instabilis
739 653 782 676 ac
810 640 880 676 vix
903 639 1002 676 vado
1028 639 1150 676 fidens
1173 639 1236 676 vel
1262 639 1310 676 ab

121 705 260 742 inermi
279 705 420 754 equite,
441 717 538 753 equo
559 708 700 740 temere
727 708 822 749 acto,
840 703 1010 753 perverti
1031 707 1170 752 posset,
1193 716 1310 752 eques

119 782 274 819 corpore
302 769 494 817 armisque
523 769 631 814 liber,
657 780 754 816 equo
779 768 838 804 vel
868 780 936 816 per
962 767 1109 804 medios
1136 767 1309 816 gurgites

71 852 101 876 15
120 833 260 879 stabili,
288 833 461 869 eominus
481 832 708 880 eminusque
733 844 814 867 rem
840 838 998 880 gereret.
1057 831 1152 868 Pars
1170 844 1310 880 magna

120 897 278 934 flumine
311 897 515 945 absumpta
530 909 540 943 5
570 896 726 944 quidam
761 896 949 932 verticoso
979 895 1086 931 anmi
1115 895 1234 932 delati
1266 895 1309 931 in

71 976 102 1001 16
118 961 246 998 hostes
276 961 324 997 ab
354 960 570 1009 elephantis
599 960 735 996 obtriti
766 964 869 996 sunt.
928 959 1132 1006 Postremi,
1168 959 1309 1009 quibus

118 1038 311 1075 regressus
340 1024 382 1061 in
412 1037 520 1061 suam
553 1024 678 1073 ripam
706 1024 830 1060 tutior
859 1023 948 1070 fuit,
979 1037 1027 1061 ex
1054 1024 1309 1074 variatrepi-

117 1091 272 1127 datione
286 1089 404 1139 quum'
420 1089 462 1125 in
477 1101 599 1125 unum
615 1088 897 1137 colligerentur,
914 1088 1138 1137 priusquam
1158 1101 1183 1125 α
1198 1092 1308 1126 tanto

116 1168 258 1205 pavore
282 1154 497 1203 reciperent
525 1153 684 1199 animos,
706 1153 909 1189 Hannibal
938 1153 1092 1202 agmine
1119 1153 1307 1202 quadrato

116 1232 269 1256 amnem
284 1218 478 1267 ingressus
492 1217 623 1266 fugam
643 1230 692 1254 ex
711 1217 796 1266 ripa
814 1217 918 1264 fecit,
937 1217 1177 1267 vastatisque
1192 1217 1304 1267 agris,

117 1283 223 1320 intra
241 1295 381 1332 paucos
401 1282 481 1319 dies
501 1281 736 1330 Carpetanos
762 1294 914 1330 quoque
933 1281 975 1318 in
995 1282 1229 1319 deditionem
1249 1295 1307 1318 ac-

69 1365 100 1390 17
116 1347 217 1396 cepit
226 1360 237 1394 3
262 1350 301 1383 et
320 1346 398 1382 iam
418 1345 548 1382 omnia
568 1350 677 1382 trans
697 1346 892 1382 Hiberum
912 1350 1054 1395 praeter
1070 1346 1306 1396 Saguntinos

117 1404 497 1459 Carthaginiensium
516 1413 637 1446 erant.

73 1478 96 1515 6
195 1474 294 1512 Cum
313 1473 540 1523 Saguntinis
559 1474 704 1511 bellum
724 1473 897 1510 nondum
917 1477 1010 1521 erat,
1032 1477 1202 1511 ceterum
1225 1474 1304 1512 iam

113 1568 266 1597 saguntum
275 1566 378 1596 ,effug
405 1538 498 1575 belli
513 1551 636 1575 causa.
678 1538 901 1575 Certamina
915 1551 1002 1575 cum
1016 1538 1194 1576 finitimis
1206 1551 1304 1577 sere-

79 1630 94 1647 2
111 1599 203 1653 ξζζᾞζιὶ
222 1598 376 1658 {ffiffyshiffl
404 1602 558 1648 bantur,
572 1601 741 1638 maxime
754 1601 994 1639 Turdetanis.
1019 1601 1170 1647 Quibus
1182 1617 1303 1653 quum

87 1702 91 1708 ,
111 1659 198 1684 R⁰¹¹²⁰
403 1665 554 1701 adesset
572 1664 687 1711 idem,
709 1665 778 1714 qui
797 1665 878 1708 lit—is
897 1669 982 1717 8123AE
999 1669 1115 1713 sator,
1136 1679 1208 1704 nec
1226 1679 1303 1703 cer-

109 1734 242 1768 tamen
267 1730 373 1776 iuris,
396 1730 463 1766 sed
481 1730 562 1765 vim
546 1729 706 1784 ‘fluaeri
729 1733 940 1779 appareret,
962 1729 1081 1779 legati
1105 1743 1129 1767 a
1154 1730 1301 1780 Sagun-

109 1795 203 1832 tinis
247 1795 414 1832 Romam
450 1793 559 1830 missi
595 1794 788 1830 auxilium
825 1794 874 1830 ad
911 1794 1056 1831 bellum
1088 1794 1168 1831 iam
1195 1795 1302 1832 haud

76 1877 91 1902 3
107 1859 225 1896 dubie
252 1859 459 1895 imminens
487 1861 650 1895 orantes.
709 1858 899 1913 Consules
918 1862 1012 1895 tunc
1032 1858 1167 1895 Romae
1187 1864 1298 1896 erant

108 1924 150 1961 P.
175 1923 377 1961 Cornelius
406 1922 534 1972 Scipio
559 1925 599 1959 et
627 1923 682 1960 Ti.
717 1922 967 1971 Sempronius
995 1922 1162 1972 Longus.
1222 1923 1301 1968 Qui

106 2001 237 2037 quum,
268 1987 406 2036 legatis
433 1987 476 2023 in
508 1991 687 2023 senatum
718 1986 962 2034 introductis,
994 1987 1042 2024 de
1070 2000 1111 2024 re
1143 1987 1299 2036 publiea

104 2052 358 2099 rettulissent,
379 2051 664 2101 placuissetque
690 2051 795 2087 mitti
818 2051 965 2100 legatos
990 2051 1033 2088 in
1058 2051 1298 2101 Hispaniam

71 2132 84 2156 4
104 2116 153 2153 ad
172 2129 232 2153 res
252 2117 441 2153 sociorum
460 2115 728 2165 inspiciendas,
751 2116 892 2165 quibus
911 2117 944 2153 si
963 2116 1163 2153 videretur
1181 2116 1298 2166 digna

104 2193 229 2227 causa,
260 2185 300 2217 et
328 2180 548 2216 Hannibali
577 2180 865 2227 denuntiarent,
897 2184 944 2217 ut
974 2181 1022 2217 ab
1056 2180 1295 2230 Saguntinis,

103 2245 214 2283 sociis
245 2245 379 2294 populi
409 2245 588 2292 Romani,
621 2244 844 2292 abstineret,
879 2248 919 2282 et
948 2244 1224 2296 Carthaginem
1253 2244 1294 2282 iu

1203 2316 1222 2326 ν
