1455 2454
124 190 172 227 30
644 189 793 227 LIVII

123 285 312 340 [nantem]
340 291 574 337 sequeretur,
597 288 760 325 traxisse
784 300 948 337 gregem,
976 291 1021 324 ut
1045 299 1234 338 quemque
1261 286 1308 323 ti-

122 357 292 388 mentem
329 352 580 388 altitudinem
610 351 834 388 destituerit
866 351 1020 397 vadum,
1050 352 1198 400 impetu
1226 352 1308 401 ipso

88 423 103 448 6
122 416 292 452 fluminis
320 416 361 452 in
391 415 552 452 alteram
581 415 704 464 ripam
732 415 917 464 rapiente.
977 414 1158 451 Ceterum
1185 415 1308 464 magis

122 483 283 526 constat,
305 479 455 516 ratibus
474 480 654 516 traiectos
663 492 674 526 3
703 480 744 515 id
763 483 808 516 ut
833 479 958 516 tutius
987 479 1189 516 consilium
1217 484 1308 516 ante

89 553 103 576 7
122 557 201 581 rem
225 545 334 590 foret,
362 544 419 581 ita
445 548 531 581 acta
559 557 600 581 re
628 544 676 581 ad
706 544 819 581 fidem
848 544 1008 592 pronius
1040 546 1106 580 est.
1165 543 1307 580 Ratem

121 621 238 644 unam
273 609 457 645 ducentos
489 609 643 657 longam
672 608 797 657 pedes,
829 608 1112 657 quinquaginta
1139 607 1257 644 latam
1285 620 1309 644 a

121 674 225 707 terra
244 671 285 706 in
311 684 462 708 amnem
488 674 754 720 porrexerunt,
781 683 908 719 quam,
939 683 988 706 ne
1016 670 1182 706 secunda
1208 682 1309 719 aqua

121 734 345 780 deferretur,
365 734 543 783 pluribus
562 734 701 771 validis
726 734 949 770 retinaculis
977 737 1086 783 parte
1114 734 1308 783 superiore

120 798 212 847 ripae
231 798 432 846 religatam
451 798 581 847 pontis
600 798 642 834 in
662 797 818 834 modum
838 797 954 833 humo
981 798 1122 834 iniecta
1141 802 1307 835 constra-

119 864 272 907 verunt,
295 864 340 897 ut
358 861 480 897 beluae
500 861 682 897 audacter
701 860 809 896 velut
827 873 895 908 per
920 860 1044 896 solum
1067 860 1309 909 ingrederen-

86 933 101 958 ε
121 927 194 961 tur.
257 924 393 960 Altera
411 924 506 960 ratis
526 936 631 972 aeque
658 923 746 969 lata,
778 923 893 971 longa
921 923 1034 971 pedes
1062 928 1229 970 centum,
1259 923 1308 960 ad

119 987 388 1024 traiiciendum
409 987 552 1024 flumen
575 990 676 1036 apta,
699 987 788 1023 huic
815 986 992 1035 copulata.
1019 990 1078 1024 est
1085 1000 1096 1035 3
1124 990 1208 1024 tum
1237 988 1309 1024 ele-

118 1051 256 1101 phanti
276 1065 344 1101 per
363 1052 539 1088 stabilem
566 1055 688 1088 ratem
715 1055 900 1100 tanquam
922 1051 1038 1097 viam,
1058 1052 1308 1100 praegredien-

119 1115 223 1152 tibus
248 1115 411 1163 feminis,
447 1116 523 1152 acti
549 1115 616 1152 ubi
645 1115 686 1151 in
715 1115 902 1154 minorem
928 1118 1157 1166 applicatam
1185 1120 1307 1152 trans-

85 1196 101 1221 9
119 1177 239 1227 gressi
265 1181 368 1224 sunt,
393 1180 585 1228 extemplo
610 1181 800 1228 resolutis,
831 1181 971 1230 quibus
997 1179 1135 1217 leviter
1155 1192 1306 1216 annexa

118 1244 211 1288 erat,
232 1241 409 1288 vinculis,
432 1242 480 1278 ab
500 1243 681 1280 actuariis
700 1243 849 1292 aliquot
875 1243 1041 1279 navibus
1068 1241 1116 1278 ad
1144 1241 1303 1277 alteram

117 1303 241 1352 ripam
281 1305 519 1353 pertrahitur
532 1318 543 1352 3
580 1306 635 1342 ita
668 1306 803 1354 primis
837 1305 1033 1354 expositis,
1068 1304 1136 1341 alii
1168 1304 1306 1340 deinde

70 1384 101 1401 10
118 1367 274 1417 repetiti
294 1380 337 1404 ac
356 1368 509 1405 traiecti
527 1373 629 1405 sunt.
679 1369 792 1405 Nihil
812 1382 902 1406 sane
915 1368 1171 1417 trepidabant,
1186 1369 1305 1404 donec

117 1431 332 1467 continenti
351 1431 460 1468 Velut
487 1436 605 1481 ponte
633 1437 839 1482 agerentur
847 1446 858 1479 3
887 1432 1035 1482 primus
1063 1435 1146 1468 erat
1173 1444 1302 1480 pavor,
1356 1473 1358 1476 v

70 1509 96 1526 ιι
118 1507 248 1543 quum,
270 1494 396 1531 soluta
414 1495 462 1532 ab
484 1496 619 1532 ceteris
638 1500 730 1543 rate,
754 1497 795 1532 in
814 1496 937 1532 altum
957 1498 1190 1544 raperentur.
1241 1494 1302 1531 Ibi

117 1562 297 1606 urgentes
317 1557 422 1594 inter
446 1571 495 1605 se,
518 1558 744 1595 cedentibus
770 1559 954 1595 extremis
976 1559 1025 1595 ab
1050 1571 1160 1607 aqua,
1190 1559 1304 1607 trepi-

117 1620 284 1657 dationis
304 1621 549 1670 aliquantum
570 1623 744 1669 edebant,
767 1624 885 1660 donec
905 1623 1074 1672 quietem
1093 1623 1304 1672 ipse'timor

67 1703 97 1721 12
117 1685 528 1735 circumspectantibus
565 1700 703 1736 aquam
741 1687 899 1723 fecisset.
959 1686 1150 1723 Excidere
1185 1687 1301 1723 etiam

115 1748 315 1786 saevientes
335 1749 492 1798 quidam
512 1749 554 1786 in
572 1750 717 1787 flumen
726 1763 737 1797 3
767 1751 832 1787 sed
851 1750 1018 1799 pondere
1036 1750 1300 1800 ipsostabiles,

115 1811 272 1848 deiectis
308 1813 531 1860 rectoribus,
572 1812 788 1862 quaerendis
825 1812 1062 1862 pedetentim
1106 1812 1217 1849 vadis
1259 1813 1302 1850 ’111

115 1878 258 1912 terram
279 1889 442 1914 evasere.

45 1942 94 1980 29
194 1941 301 1978 Dum
321 1941 518 1990 elephanti
534 1942 796 1987 traiiciuntur‚
818 1941 976 1978 interim
998 1941 1201 1978 Hannibal
1219 1941 1302 1981 Nu·

112 2035 272 2061 Meanwhile
299 2036 375 2060 there
403 2006 526 2043 midas
553 2006 700 2055 equites
729 2006 959 2055 quingentos
991 2006 1041 2042 ad
1073 2010 1199 2042 castra
1225 2006 1302 2043 Ro-

110 2066 160 2120 {SQ}
169 2067 375 2121 {lgffvfgfflcsfflssg
402 2080 517 2104 mana
535 2068 693 2104 miserat
716 2068 965 2116 speculatum,
987 2067 1054 2103 ubi
1079 2071 1119 2103 et
1145 2072 1300 2116 quantae

79 2146 93 2163 2
111 2128 317 2182 ξξζζζᾞζπῗξξξξθ
325 2130 373 2181 ⁰3¹1}
401 2131 516 2180 copiae
537 2135 663 2168 essent
682 2135 721 2167 et
740 2131 834 2180 quid
857 2135 1048 2180 pararent.
1105 2130 1212 2167 Huic
1230 2130 1299 2167 alae

111 2188 196 2213 ’ΜΗ
213 2188 278 2213 Side·
408 2197 583 2245 equitum
618 2195 736 2243 missi,
769 2199 816 2232 ut
848 2199 939 2231 ante
975 2194 1121 2231 dictum
1150 2198 1220 2242 est,
1249 2195 1297 2231 ab

111 2260 209 2298 ostio
228 2260 409 2298 Rhodani
439 2260 601 2298 trecenti
626 2260 890 2297 Romanorum
912 2259 1060 2309 equites
1079 2261 1295 2296 occurrunt.
