1455 2454
159 127 209 165 46
679 121 830 160 LIVII

161 223 281 268 sisset,
312 221 487 259 contione
524 220 614 256 iude
651 219 837 256 advocata
872 218 929 254 ita
965 217 1068 266 apud
1098 227 1161 253 eos
1194 214 1346 252 locutus

162 287 293 323 fertur.

131 374 145 391 2
243 353 264 371 “
281 350 333 396 Si,
358 362 473 398 quem
493 348 666 385 animum
685 348 728 384 in
747 347 881 384 alienae
901 347 1016 383 sortis
1035 345 1212 395 exemplo
1230 343 1346 394 paulo

163 418 253 451 ante
287 412 496 459 habuistis,
536 413 703 449 eundem
735 424 825 448 mox
854 411 896 447 in
929 409 1156 447 aestimanda
1188 410 1346 446 fortuna

449 482 578 514 vestra
597 476 820 523 habueritis,
838 476 1012 522 vicimus,
1030 474 1173 511 milites
1185 487 1197 521 3
1219 485 1346 523 neque

160 528 426 584 giilstffltiiai'sstfissii
453 542 556 579 enim
585 542 844 591 spectaculum
867 541 979 578 modo
1008 540 1116 586 illud,
1148 539 1214 577 sed
1243 552 1345 588 quae-

162 592 247 650 {iigiy
263 591 362 645 iiissnffi
376 589 427 644 vssf
454 607 543 644 dam
563 607 685 644 veluti
703 607 829 656 imago
844 611 982 644 vestrae
997 603 1230 642 condicionis
1249 607 1343 642 erat.

132 688 147 711 3
163 654 232 682 tory,
452 672 515 708 Ac
534 671 671 718 nescio,
693 684 742 707 an
763 671 908 707 maiora
926 670 1082 706 vincula
1107 670 1346 717 maioresque

163 736 408 774 necessitates
436 736 545 771 vobis
570 748 686 784 quam
715 735 879 784 captivis
913 734 1051 771 vestris
1083 734 1240 770 fortuna
1276 733 1346 770 cir-

132 820 146 843 ⁴
165 799 410 837 cumdederit.
483 799 635 834 Dextra
664 799 836 846 laevaque
874 798 950 834 duo
986 798 1108 834 maria
1145 798 1344 845 claudunt,

163 864 309 900 nullam
330 876 379 900 ne
397 862 445 899 ad
469 863 651 911 effugium
672 862 827 910 quidem
848 875 987 898 navem
1006 862 1216 910 habentes,
1245 862 1346 900 circa

163 927 293 964 Padus
326 926 460 972 amnis,
491 927 613 963 maior
644 924 803 978 [Padus]
835 940 878 963 ac
906 927 1112 970 violentior
1140 927 1344 975 Rhodano,

163 991 211 1026 ab
231 994 337 1038 tergo
351 989 472 1037 Alpes
493 994 642 1038 urgent,
662 989 727 1025 vix
749 989 911 1039 integris
931 990 1040 1026 vobis
1059 1003 1102 1027 ac
1122 990 1345 1039 vigentibus

131 1072 145 1096 5
164 1056 347 1094 transitae.
406 1056 486 1091 Hic
505 1054 736 1091 vincendum
759 1058 827 1090 aut
842 1054 1268 1102 n101·iendum,)milites,
1286 1058 1346 1092 est

163 1120 231 1156 ubi
250 1121 419 1169 primum
438 1119 539 1156 hosti
559 1118 787 1155 occurristis.
846 1118 900 1154 Et
919 1119 1050 1154 eadem
1071 1118 1239 1164 fortuna,
1259 1131 1345 1167 quae

165 1184 430 1233 necessitatem
455 1182 653 1231 pugnandi
681 1181 877 1230 imposuit,
899 1181 1055 1230 praemia
1077 1181 1186 1218 vobis
1208 1194 1254 1218 ea
1271 1182 1346 1219 vic-

164 1246 314 1283 toribus
339 1245 531 1295 proponit,
552 1245 692 1293 quibus
718 1245 904 1294 ampliora
933 1244 1108 1281 homines
1137 1257 1186 1280 ne
1205 1244 1253 1281 ab
1273 1244 1347 1281 diis

131 1326 146 1350 6
164 1311 319 1360 quidem
345 1309 630 1345 immortalibus
656 1304 789 1358 optare
812 1309 947 1346 solent.
1005 1309 1049 1346 Si
1074 1309 1244 1346 Siciliam
1263 1312 1347 1346 tan-

163 1380 246 1411 tum
277 1388 320 1411 ac
350 1374 567 1411 Sardiniam
598 1374 823 1422 parentibus
854 1373 997 1410 nostris
1033 1378 1183 1423 ereptas
1215 1378 1347 1411 nostra

163 1439 310 1476 virtute
339 1438 604 1487 recuperaturi
632 1451 811 1485 essemus,
840 1438 933 1475 satis
961 1441 1093 1475 tamen
1116 1439 1245 1488 ampla
1265 1451 1347 1488 pre-

163 1504 220 1540 tia
252 1507 401 1551 essent;
435 1503 617 1552 quicquid
648 1502 817 1539 Romani
849 1506 909 1539 tot
946 1502 1156 1552 triumphis
1189 1507 1347 1553 partum

163 1572 460 1617 congestumque
486 1567 695 1616 possident,
724 1567 764 1603 id
789 1579 902 1603 omne
928 1570 1102 1603 vestrum
1135 1580 1223 1604 cum
1252 1567 1347 1616 ipsis

132 1645 147 1669 7
165 1632 330 1669 dominis
349 1633 524 1668 futurum
543 1634 601 1668 est
617 1645 627 1678 3
655 1631 696 1667 iu
715 1630 814 1667 hanc
833 1634 914 1667 tam
933 1631 1102 1680 opimam
1120 1631 1346 1678 mercedem,

133 1707 147 1732 8
164 1696 266 1745 agite
298 1696 400 1742 dum,
433 1695 506 1732 diis
533 1695 631 1732 bene
658 1695 885 1732 iuvantibus
912 1708 1019 1731 arma
1046 1695 1182 1744 capite.
1244 1695 1347 1733 Satis

166 1760 292 1797 adhuc
327 1759 370 1796 in
407 1759 527 1795 vastis
565 1759 778 1796 Lusitaniae
816 1759 1109 1808 Celtiberiaeque
1149 1759 1348 1796 montibus

167 1837 303 1873 pecora
322 1824 576 1861 consectando
596 1823 749 1859 nullum
770 1823 1072 1860 emolumentum
1093 1826 1153 1860 tot
1171 1823 1348 1860 laborum

131 1905 147 1931 9
164 1888 498 1937 periculorumque
530 1891 747 1924 vestrorum
778 1887 932 1924 vidistis
945 1901 955 1935 ;
993 1891 1147 1936 tempus
1179 1890 1239 1924 est
1269 1887 1347 1924 iam

165 1953 349 2003 opulenta
373 1965 443 1989 vos
465 1965 508 1988 ac
533 1952 632 1988 ditia
657 1952 850 2000 stipendia
868 1952 991 1988 facere
1009 1955 1048 1988 et
1067 1964 1206 2000 magna
1224 1964 1348 2001 operae

165 2018 290 2068 pretia
316 2016 465 2063 mereri,
487 2020 642 2052 tantum
670 2015 821 2053 itineris
840 2029 908 2065 per
926 2020 986 2053 tot
1005 2020 1156 2053 montes
1173 2016 1348 2053 flumina-

119 2099 151 2117 10
166 2095 240 2132 que
259 2085 298 2118 et
322 2084 383 2117 tot
407 2084 576 2117 armatas
598 2083 731 2128 gentes
751 2092 932 2118 emensos,
991 2080 1072 2117 Hic
1091 2079 1201 2116 vobis
1219 2079 1350 2116 termi-

165 2177 248 2201 which
276 2177 363 2200 would
396 2176 428 2201 be
455 2157 550 2180 num
577 2144 752 2180 laborum
777 2144 934 2181 fortuna
952 2144 1084 2192 dedit3
1110 2144 1174 2181 hic
1192 2143 1348 2192 dignam

115 2229 144 2248 n
164 2208 285 2238 8¹⁰'¹⁰¹¹⁵
298 2207 391 2232 5¹¹d⁰⁰d
462 2209 674 2246 mercedem
688 2209 860 2246 emeritis
873 2209 1075 2259 stipendiis
1091 2208 1209 2247 dabit.
1251 2207 1347 2256 Neo,
