1403 2438
485 204 652 240 LIBER
691 204 798 240 XX]
806 205 834 241 l.
1179 201 1246 237 105

61 306 299 348 effecturum,
329 310 370 339 ut
399 304 523 339 sciant
551 302 735 346 hominos,
763 303 860 338 bono
891 303 1118 350 imperatore
1148 299 1248 335 haud

64 369 188 418 magni
226 368 419 404 fortunam
456 366 640 403 momenti
669 380 758 412 esse,
787 371 953 402 mentem
984 366 1249 413 rationemque

62 432 262 478 dominari,
296 437 336 468 et
367 432 405 467 in
440 437 610 480 tempore
640 435 680 467 et
710 430 792 466 sine
830 430 1040 478 ignominia
1079 440 1249 465 servasse
1270 445 1298 469 ιε

61 497 284 541 exercitum,
314 508 428 544 quam
460 494 581 530 multa
611 493 731 529 millia
760 492 926 529 hostium
959 492 1151 537 occidisse,
1174 503 1249 527 ma-

63 559 178 594 iorem
199 557 358 607 gloriam
379 571 466 593 esse.
528 556 658 592 Huius
677 556 827 605 generis
847 555 1086 592 orat-ionibus
1107 554 1250 590 frustra
1271 564 1300 588 ιε.

64 622 215 668 habitis,
232 627 271 658 et
289 622 443 658 consule
463 626 589 657 creato
610 620 664 657 M.
689 621 813 656 Atilio
835 620 994 670 Regulo,
1017 632 1066 656 ne
1085 632 1250 669 praesens

61 687 109 723 de
137 686 219 723 iure
248 685 399 735 imperii
427 685 638 731 dimicaret,
669 685 791 734 pridie
820 698 933 734 quam
966 684 1174 734 rogationis
1202 684 1250 720 fe-

62 750 187 787 rendae
218 750 298 787 dies
326 750 486 795 adesset,
518 754 630 786 nocte
662 749 709 786 ad
739 746 953 786 ex'ercitum
981 749 1088 786 abiit.
1149 748 1252 785 Luce
1273 767 1301 790 17

62 820 145 852 orta
164 827 284 864 quum
308 815 430 864 plebis
455 814 660 851 concilium
686 819 794 861 esset,
818 814 938 864 magis
963 815 1081 850 tacita
1105 813 1252 850 invidia

63 878 260 915 dictatoris
279 878 464 927 favorque
493 878 669 927 magistri
697 877 871 927 equitum
893 877 1041 913 animos
1062 877 1249 923 versabat,

62 957 176 993 quam
214 944 308 980 satis
347 943 540 979 audebant
578 943 751 979 homines
789 943 836 979 ad
867 942 1118 988 suadendum,
1151 942 1250 991 quod

64 1009 178 1058 vulgo
199 1008 382 1057 pladebat,
407 1009 568 1057 prodire,
592 1013 631 1044 et
659 1008 788 1044 favore
813 1012 1019 1057 superante
1043 1007 1252 1044 auctoritas

63 1078 191 1110 tamen
210 1073 400 1122 rogationi
413 1073 552 1109 deerat.
596 1072 711 1109 Unus
732 1074 914 1108 inventus
929 1076 986 1108 est
1006 1084 1138 1108 suasor
1157 1071 1251 1121 legis
1274 1084 1303 1108 ιε

63 1137 103 1174 C.
118 1137 321 1174 Terentius
334 1137 474 1182 Varro,
488 1137 555 1185 qui
568 1136 693 1185 priore
706 1150 807 1173 anno
819 1141 960 1186 praetor
990 1162 1073 1186 which
1106 1162 1128 1186 is
1156 1161 1252 1192 passed

63 1201 198 1246 fuerat,
221 1200 300 1237 loco
322 1213 398 1236 non
423 1199 562 1236 humili
588 1200 722 1246 solum,
745 1201 811 1236 sed
843 1200 959 1237 etiam
988 1193 1252 1247 Εῑᾟῑῇἧνέτζῇἵῗζζ

62 1264 215 1302 sordido
227 1269 342 1301 ortus
368 1264 523 1300 Patrem
537 1264 683 1301 lanium
695 1265 811 1301 fuisse
819 1265 959 1311 ferunt,
992 1253 1088 1283 Varro,

63 1331 186 1379 ipsum
217 1330 433 1365 institorem
461 1328 608 1374 mercis,
639 1328 794 1377 filioque
821 1329 892 1365 hoe
920 1330 1002 1379 ipso
1028 1332 1068 1368 in
1095 1332 1252 1369 servilia

62 1393 144 1430 eius
163 1392 257 1429 artis
284 1391 499 1428 ministeria
523 1404 645 1428 usum.
706 1392 746 1429 Is
768 1393 930 1439 iuvenis,
952 1399 998 1430 ut
1016 1396 1184 1444 primum
1204 1409 1252 1432 ex
1272 1401 1320 1437 26

62 1470 105 1494 eo
137 1469 275 1505 genere
300 1460 472 1504 quaestus
502 1455 666 1504 pecunia
692 1470 715 1492 a
745 1461 853 1506 patre
883 1458 1017 1494 relicta
1036 1459 1184 1496 animos
1204 1460 1250 1496 ad

62 1531 167 1568 spem
197 1518 424 1555 liberalioris
453 1519 616 1555 fortunae
639 1519 741 1565 fecit,
764 1525 928 1570 togaque
956 1527 995 1558 et
1022 1522 1147 1559 forum
1176 1523 1253 1572 pla·
1271 1542 1286 1558 2

62 1595 182 1629 cuere,
211 1581 481 1631 proclamando
512 1595 579 1630 pro
611 1583 773 1619 sordidis
803 1583 1026 1621 hominibus
1054 1586 1253 1635 causisque

62 1647 243 1683 adversus
263 1660 342 1684 rem
367 1651 407 1684 et
430 1647 571 1688 famam
596 1647 782 1683 bonorum
814 1648 983 1696 primum
1005 1649 1048 1685 in
1072 1649 1251 1686 notitiam

63 1710 206 1760 populi,
240 1712 378 1748 deinde
407 1712 457 1748 ad
494 1711 656 1748 honores
694 1713 883 1761 pervenit,
915 1717 1186 1763 quaesturaque
1214 1719 1254 1751 et
1273 1735 1286 1758 3

62 1775 210 1812 duabus
242 1776 503 1822 aedilitatibus,
543 1776 692 1825 plebeia
729 1781 769 1813 et
805 1777 940 1824 curuli,
981 1783 1174 1827 post-remo
1213 1785 1252 1816 et

64 1844 228 1888 praetura
263 1841 498 1890 perfunctus,
531 1841 606 1876 iam
644 1841 691 1877 ad
731 1841 951 1878 consulatus
989 1855 1094 1891 spem
1133 1856 1250 1892 quum

63 1903 259 1941 attolleret
290 1905 448 1951 animos,
479 1904 583 1941 haud
615 1904 751 1954 pal-*um
785 1905 921 1942 callide
949 1919 1082 1943 auram
1112 1908 1253 1944 favoris
1272 1927 1286 1949 ⁴

66 1967 259 2016 popularis
290 1981 339 2006 ex
373 1969 572 2006 dictatoris
601 1969 750 2006 invidia
782 1970 896 2019 petiit
933 1970 1095 2019 scitique
1134 1971 1255 2020 plebis
1286 1998 1287 2002 ,

69 2044 167 2069 unus
185 2033 348 2082 gratiam
369 2034 471 2070 tuJit.

145 2096 289 2134 Omnes
317 2111 398 2134 eam
427 2099 676 2148 rogationem,
704 2100 848 2148 quique
880 2099 1013 2136 Romae
1042 2100 1184 2149 quique
1213 2101 1254 2137 in
1273 2120 1288 2143 5

61 2162 235 2199 exercitu
254 2168 375 2208 erant,
397 2163 497 2212 aequi
522 2167 639 2212 atque
667 2163 804 2213 iniqui,
825 2169 964 2213 piaeter
989 2163 1114 2212 ipsum
1139 2165 1255 2202 dieta-

10 2250 18 2258 -
64 2230 184 2264 eorem
213 2227 251 2263 in
283 2227 554 2264 contumeliam
583 2228 666 2264 eius
694 2228 813 2264 latam
837 2233 1077 2277 acceperunt.
1151 2228 1252 2278 Ipse,
1273 2251 1288 2275 ⁶

62 2304 139 2342 qua
164 2292 355 2341 gravitate
384 2292 505 2328 animi
534 2292 784 2330 criminantes
812 2305 852 2329 se
880 2293 929 2329 ad
958 2293 1251 2330 multitudinem

1274 1293 1303 1316 ¹9
