1455 2454
143 166 193 204 56
663 161 816 200 LIVII

142 277 228 301 cum
254 263 381 299 insula
409 261 585 299 traditur.
644 260 743 297 Inde
771 263 858 308 post
886 272 1025 308 paucos
1053 259 1133 299 (lies
1161 258 1330 297 reditum

141 327 369 376 Lilybaeum,
388 325 609 374 captivique
628 329 668 362 et
687 338 708 361 a
727 324 882 361 consule
902 328 939 360 et
959 337 982 360 a
1000 328 1174 373 praetore,
1190 327 1332 373 praeter

110 408 125 432 3
143 392 311 440 insignes
331 391 534 426 nobilitate
554 389 666 435 viros,
689 389 760 425 sub
787 401 927 425 corona
945 387 1162 425 venierunt.
1221 387 1331 424 Post-,-

142 469 257 505 quam
278 456 325 491 ab
345 468 389 491 ea
409 459 517 503 parte
537 454 631 490 satis
649 458 776 490 tutam
792 453 966 489 Siciliam
985 453 1164 489 censebat
1182 451 1328 500 consul,

142 520 190 556 ad
218 519 363 556 insulas
384 519 566 564 Vulcani,
589 518 681 567 quia
706 518 808 554 fama
833 522 916 554 erat
938 521 1040 553 stare
1066 517 1121 553 ibi
1142 516 1331 553 Punicam

142 585 312 630 classem,
334 583 488 620 traiecit
502 597 513 630 3
541 596 610 619 nec
636 583 840 632 quisquam
865 582 1036 619 hostium
1063 582 1161 618 circa
1187 593 1250 618 eas
1274 580 1333 618 in-

109 663 122 686 4
143 649 244 686 sulas
263 649 446 685 inventus
460 661 469 694 3
496 660 586 683 nam
605 647 702 683 forte
722 646 1016 683 transmiserant
1034 646 1083 683 ad
1101 645 1331 682 vastandam

141 746 159 770 b
210 745 216 751 .
381 744 387 750 .
435 713 561 748 Italiae
602 724 719 758 oram,
753 711 1061 760 depopulatoque
1097 709 1332 747 Viboniensi

161 747 191 770 ut
209 752 230 770 is
249 745 364 769 recalled
381 752 406 768 m

110 795 124 818 5
142 776 410 830 {xffitssffiffifjffffiffes
436 789 538 824 agro,
559 776 695 812 urbem
715 775 831 811 etiam
855 775 1062 812 terrebant.
1122 774 1332 823 Repetenti

141 831 349 891 fflethgrffissgffi
368 836 411 890 fg}
438 840 609 876 Siciliam
623 840 770 876 consuli
783 839 1128 876 escensiohostium
1141 838 1332 887 inagrum

142 898 282 927 Carthago.
433 903 712 940 Viboniensem
741 903 844 939 facta
873 903 1090 949 nuntiatur,
1115 903 1332 952 litteraeque

141 968 190 1004 ab
221 971 357 1004 senatu
388 968 434 1004 de
467 967 637 1004 transitu
665 967 708 1003 in
739 967 897 1004 Italiam
931 967 1179 1013 Hannibalis,
1211 971 1251 1004 et
1287 970 1333 1004 ut

141 1031 266 1081 primo
292 1045 442 1081 quoque
469 1036 640 1080 tempore
665 1032 816 1081 collegae
845 1032 963 1068 ferret
985 1032 1186 1077 auxilium,
1208 1031 1332 1068 missae

111 1111 127 1136 6
142 1096 361 1133 traduntur.
420 1096 562 1133 Multis
589 1096 706 1132 simul
734 1097 874 1132 anxius
900 1097 1002 1133 curis
1029 1096 1243 1133 exercitum
1269 1109 1333 1133 ex-

142 1160 286 1209 templo
319 1161 362 1196 in
402 1173 519 1197 naves
557 1161 781 1210 impositum
811 1160 1039 1197 Ariminum
1068 1161 1167 1197 mari
1194 1173 1332 1210 supero

142 1224 259 1270 misit,
309 1224 394 1261 Sex.
429 1224 646 1273 Pomponio
682 1225 807 1273 legato
845 1238 933 1261 cum
978 1225 1121 1274 Viginti
1155 1225 1330 1274 quinque

142 1289 267 1338 longis
305 1290 472 1325 navibus
522 1289 803 1326 Viboniensem
839 1302 972 1338 agrum
1021 1289 1332 1338 maritimamque

111 1368 125 1392 7
143 1366 249 1390 oram
282 1353 408 1389 Italiae
437 1353 622 1389 tuendam
651 1353 843 1390 attribuit.
900 1354 954 1391 M.
986 1353 1151 1390 AEmilio
1178 1354 1334 1402 praetori

142 1417 426 1467 quinquaginta
458 1417 619 1453 navium
651 1418 809 1454 classem
846 1417 1027 1466 explevit.
1100 1417 1200 1467 Ipse,
1235 1430 1334 1454 com·

142 1482 277 1531 positis
298 1481 438 1518 Siciliae
457 1482 583 1527 rebus,
598 1481 728 1518 decem
747 1482 912 1518 navibus
932 1495 1038 1518 oram
1057 1482 1184 1519 Italiae
1202 1482 1334 1532 legens

142 1546 368 1582 Ariminum
388 1546 575 1594 pervenit.
634 1546 732 1582 Inde
751 1559 838 1583 cum
860 1547 1034 1583 exercitu
1052 1559 1121 1584 suo
1139 1547 1334 1596 profectus

142 1611 191 1647 ad
210 1611 387 1647 Trebiam
407 1610 551 1647 flumen
571 1611 723 1659 collegae
742 1611 1000 1660 coniimgitur.

75 1682 123 1719 52
222 1675 306 1711 Iam
324 1675 436 1711 ambo
452 1675 626 1712 consules
642 1679 682 1712 et
701 1676 885 1724 quicquid
905 1675 1170 1713 Romanarum
1190 1675 1334 1712 virium

142 1743 235 1786 erat,
275 1739 492 1775 Hannibali
539 1741 770 1788 oppositum,
804 1744 873 1776 aut
909 1740 988 1777 illis
1025 1740 1143 1789 copiis
1179 1740 1335 1777 defendi

142 1819 185 1843 He
194 1819 361 1857 jo‘msficipio
372 1826 406 1855 qn
434 1817 543 1852 posse
563 1804 786 1841 Romanum
805 1804 1013 1853 imperium
1036 1808 1106 1841 aut
1124 1817 1231 1854 spem
1249 1805 1334 1842 nul-

110 1889 124 1905 2
141 1850 303 1910 iiifgeiiebiii’
316 1850 406 1904 ῗῖιῖἐιῗ
434 1869 512 1904 lam
540 1869 656 1904 aliam
677 1881 767 1915 esse,
790 1868 883 1905 satis
903 1868 1130 1906 declarabat.
1188 1869 1334 1906 Tamen

142 1911 339 1966 fflgnmrOE-ffges
380 1911 409 1935 of
435 1933 569 1970 consul
599 1933 706 1980 alter,
729 1933 897 1982 equestri
926 1933 1061 1982 proelio
1085 1946 1163 1970 uno
1188 1937 1228 1970 et
1248 1933 1333 1970 vul-

141 2008 231 2032 nere
251 2009 319 2032 suo
342 1997 560 2043 †'minutus,
581 1998 686 2034 trahi
706 2010 786 2034 rem
809 1998 975 2034 malebat
990 2011 1001 2045 ς
1029 1999 1195 2035 recentis
1213 1997 1334 2035 animi

142 2059 241 2096 alter
281 2073 401 2109 eoque
440 2061 601 2098 ferocior
642 2061 790 2098 nullam
833 2061 1059 2099 dilationem
1099 2061 1329 2111 patiebatur.

109 2139 124 2164 3
144 2123 256 2167 Quod
291 2124 395 2160 inter
434 2125 612 2162 Trebiam
646 2125 875 2175 Padumque
903 2126 986 2174 agri
1016 2130 1085 2173 est,
1116 2126 1222 2163 Galli
1247 2131 1334 2164 tum

142 2187 372 2235 incolebant,
404 2190 444 2225 in
478 2190 642 2227 duorum
671 2189 972 2240 praepotentium
1000 2191 1230 2240 populorum
1257 2204 1334 2228 cer-

142 2252 287 2289 tamine
315 2265 383 2301 per
412 2254 637 2304 ambiguum
677 2256 848 2292 favorem
885 2255 990 2292 haud
1022 2255 1139 2292 dubie
1165 2255 1331 2306 gratiam
