1455 2454
92 181 141 219 36
611 180 671 218 LI
680 181 760 220 VII

57 287 75 330 β
92 278 195 329 Equi
214 280 381 316 maxime
396 280 580 316 infestum
601 292 737 328 agmen
756 269 965 326 faciebant).
973 279 1040 329 qui
1055 283 1094 316 et
1106 280 1276 317 clamori-

91 343 164 380 bus
190 343 361 389 dissonis,
385 356 480 392 quos
503 356 660 380 nemora
685 343 803 380 etiam
830 351 1132 392 repercussaeque
1156 344 1278 382 valles

90 408 296 455 augebant,
326 407 455 443 territi
483 407 741 456 trepidabant,
769 414 808 444 et
836 408 904 444 icti
931 407 1029 443 forte
1057 413 1126 444 aut
1145 408 1279 444 vulne·

92 471 169 507 rati
180 470 281 519 *adeo
301 472 662 519 consternabantur,
684 476 729 508 ut
754 476 920 520 stragem
947 471 1142 520 ingentem
1161 471 1278 508 simul

44 550 73 574 Δ7
90 534 292 571 hominum
311 547 354 572 ac
379 535 619 572 sarcinarum
640 537 764 572 omnis
788 536 939 585 generis
959 536 1149 580 facerent;
1181 535 1278 570 mul-

92 602 227 647 tosque
260 599 386 645 turba,
423 612 543 648 quum
576 600 790 649 praecipites
819 600 1078 648 deruptaeque
1094 599 1277 648 utrinque

90 663 278 711 angustiae
298 667 435 710 essent,
457 664 499 699 in
518 664 748 700 immensum
767 664 986 700 altitudinis
1005 654 1153 710 deiecit,
1169 675 1278 712 quos-¹

90 726 181 762 dam
211 731 250 763 et
279 732 475 774 armatos3
516 728 581 764 sed
614 729 734 764 ruinae
765 728 932 764 maxime
963 728 1075 764 modo
1102 728 1277 763 iumenta

57 799 73 824 8
92 803 179 827 cum
207 792 389 828 oneribus
420 783 759 851 devolvebantur]
800 791 893 836 Quae
924 804 1144 840 quanquam
1176 791 1277 827 foeda

89 855 178 892 visu
207 859 328 902 erant,
360 855 470 892 stetit
498 868 704 904 parumper
731 859 861 892 tamen
890 855 1092 891 Hannibal
1119 868 1162 892 ac
1187 867 1276 893 suos

56 935 74 960 9
93 919 298 965 continuit,
319 932 367 956 ne
391 920 607 956 tumultum
625 932 669 956 ao
687 920 985 968 trepidationem
1007 924 1188 968 augeret3
1215 912 1294 956 de·-

90 983 192 1030 inde,
219 988 424 1033 postquam
449 984 680 1032 interrumpi
705 996 842 1032 agmen
863 984 962 1019 vidit
988 984 1276 1033 periculumque

91 1059 181 1094 esse,
203 1061 252 1084 ne
278 1053 440 1084 exutum
469 1048 756 1097 impedimentis
782 1048 992 1084 exercitum
1021 1048 1277 1097 nequicquam

89 1110 321 1148 incolumem
350 1112 598 1159 traduxisset,
625 1112 793 1148 decurrit
822 1125 870 1148 ex
899 1111 1092 1160 superiore
1115 1112 1196 1148 loco
1224 1116 1273 1158 et,

90 1187 209 1223 quum
230 1175 378 1225 impetu
399 1177 480 1225 ipso
501 1176 663 1212 fudisset
682 1176 842 1221 hostem,
865 1176 943 1212 suis
964 1188 1114 1225 quoque
1133 1176 1275 1212 tumul-

40 1252 73 1270 ιο
89 1247 172 1275 tum
193 1240 314 1277 auxit.
373 1240 448 1277 Sed
468 1241 500 1277 is
521 1240 713 1277 tumultus
739 1244 933 1276 momento
960 1240 1153 1289 temporiS,
1175 1244 1276 1289 post-

88 1315 204 1351 quam
224 1303 387 1340 liberata
405 1305 546 1341 itinera
566 1305 654 1352 fuga
677 1309 949 1340 montanorum
969 1309 1090 1350 eraut,
1107 1304 1274 1350 sedatur,

87 1379 157 1403 nec
194 1380 262 1416 per
288 1369 410 1404 otium
438 1369 561 1415 modo,
593 1369 658 1405 sed
691 1381 809 1417 prope
837 1368 990 1404 silentio
1023 1381 1115 1404 mox
1143 1381 1275 1405 omnes

40 1446 68 1464 11
89 1432 268 1468 traducti.
329 1432 540 1469 Castellum
577 1433 678 1479 inde,
719 1432 822 1481 quod
851 1436 965 1481 caput
995 1432 1076 1468 eius
1107 1432 1275 1481 regionis

88 1499 180 1541 erat,
203 1495 426 1545 viculosque
451 1497 711 1533 circumiectos
740 1496 854 1545 capit,
883 1500 922 1532 et
949 1496 1100 1544 captivo
1128 1496 1206 1532 cibo
1231 1509 1275 1532 ac

87 1560 289 1608 pecoribus
317 1573 386 1609 per
415 1561 586 1597 triduum
616 1561 829 1597 exereitum
857 1560 956 1597 aluit
969 1573 981 1607 5
1009 1564 1060 1605 et,
1090 1560 1181 1609 quia
1205 1573 1274 1597 nec

87 1624 283 1660 montanis
312 1624 437 1673 primo
465 1625 648 1674 perculsis
671 1637 742 1661 nec
768 1625 850 1661 loco
870 1637 1008 1673 magno
1028 1636 1140 1673 opere
1157 1624 1274 1674 impe-

87 1687 304 1734 diebantur,
327 1689 570 1738 aliquantum
591 1702 634 1725 eo
654 1690 784 1725 triduo
802 1689 874 1724 viae
894 1688 1066 1725 confecit.

18 1749 69 1787 34
168 1752 408 1789 Perventum
437 1754 526 1790 inde
555 1753 603 1789 ad
632 1754 872 1802 frequentem
900 1753 1111 1789 cultoribus
1140 1753 1272 1800 alium,

378 1821 423 1853 ut
460 1817 562 1853 inter
591 1821 805 1863 montanos,
835 1816 1031 1865 populum.
1094 1816 1159 1853 Ibi
1195 1829 1274 1853 non

379 1881 478 1918 bello
509 1885 652 1930 aperto,
682 1881 748 1917 sed
775 1881 855 1917 suis
883 1880 1043 1926 artibus,
1071 1881 1206 1917 fraude
1235 1884 1274 1918 et

50 1965 66 1981 2
84 1944 246 1992 insidiis,
278 1950 336 1982 est
365 1958 484 1995 prope
513 1946 808 1982 circumventus.
866 1944 1011 1993 Magno
1041 1950 1138 1980 natu
1171 1944 1273 1992 prin-

85 2009 186 2058 cipes
215 2011 460 2046 castellorum
489 2014 658 2046 oratores
686 2010 734 2045 ad
755 2009 918 2045 Poenum
940 2008 1114 2054 veniunt,
1136 2008 1273 2045 alienis

83 2073 205 2120 malis,
245 2075 334 2110 utili
372 2075 558 2124 exemplo,
599 2074 729 2110 doctos
770 2077 1025 2109 memorantes
1062 2072 1271 2109 amicitiam

49 2159 64 2183 3
83 2138 196 2174 malle
216 2151 332 2187 quam
352 2139 432 2175 vim
453 2138 620 2187 experiri
641 2138 848 2174 Poenorum
866 2150 873 2173 :
899 2137 1030 2186 itaque
1049 2136 1271 2173 obedienter

81 2201 269 2249 imperata
307 2203 502 2239 facturos:
540 2208 797 2239 commeatum
833 2201 1062 2250 itinerisque
1090 2201 1204 2237 duces
1232 2203 1272 2236 et

49 2282 63 2305 ⁴
81 2265 129 2302 ad
158 2266 272 2302 fidem
304 2267 577 2315 promissorum
615 2266 765 2303 obsides
798 2266 995 2315 acciperet.
1068 2264 1270 2302 Hannibal

84 1864 116 1882 or
127 1857 310 1883 ambuscades.
