1403 2438
512 140 538 175 L
549 140 678 176 [BER
717 139 827 178 XXI.
1213 141 1261 178 69

75 235 194 286 phum
231 235 423 283 clamasse,
464 240 504 274 et
530 236 575 274 in
603 238 685 274 foro
712 237 842 274 boario
868 238 1003 274 bovem
1034 237 1072 273 in
1106 237 1262 273 tertiam
1281 257 1297 281 3

75 299 401 349 contignationem
430 313 499 337 sua
529 306 666 349 sponte
695 301 908 338 escendisse
937 304 1055 350 atque
1083 300 1174 338 inde
1204 304 1264 337 tu-

75 364 202 401 multu
226 364 489 402 habitatorum
516 367 697 402 territum
721 379 801 403 sese
820 366 1012 411 deiecisse,
1035 370 1074 402 et
1100 365 1261 402 navium

73 429 237 478 speciem
266 430 313 467 de
336 430 426 467 caelo
454 430 652 473 affulsisse,
682 434 721 467 ct
749 430 869 467 aedem
898 430 997 478 Spei,
1027 443 1110 478 quae
1139 435 1197 466 est
1222 430 1263 466 in
1282 451 1295 473 4

75 492 156 530 foro
175 492 339 538 olitorio,
361 493 523 530 fulmine
544 493 672 538 ictam,
693 497 732 530 et
753 492 921 529 Lanuvii
941 493 1090 529 hastam
1111 506 1150 529 se
1165 506 1262 529 com-

75 557 238 594 movisse
266 562 306 594 et
331 570 488 594 corvum
516 558 558 594 in
584 558 704 594 aedcm
732 557 895 594 Iunonis
922 558 1117 594 devolasse
1146 563 1262 606 atque

75 619 116 656 in
146 619 230 669 ipso
262 619 459 669 pulvinari
492 621 716 667 consedisse,
746 626 786 658 et
819 621 859 657 in
889 633 979 670 agro
1009 620 1261 658 Amiternino
1281 638 1294 660 s

74 683 208 721 multis
226 684 319 722 locis
338 684 540 721 hominum
559 685 683 734 specie
703 685 834 734 procul
855 684 1019 721 candida
1033 689 1141 720 veste
1161 684 1262 720 visos

73 761 143 786 nec
169 761 257 786 cum
283 748 364 785 ullo
393 761 623 798 congressos,
645 754 684 786 et
713 751 752 786 in
785 749 928 786 Piceno
958 749 1151 798 lapidibus
1180 748 1257 798 plu-

74 814 184 860 visse,
208 817 247 850 et
276 812 382 850 Caere
411 818 530 850 sortes
557 819 796 860 extenuatas,
829 819 868 850 et
894 814 937 850 in
967 814 1094 850 Gallia
1124 813 1260 862 lupum

76 876 184 926 vigili
202 878 372 928 gladium
395 891 443 915 ex
465 879 605 927 vagina
626 883 779 928 raptum
799 879 1013 916 abstulisse.
1056 879 1116 915 Ob
1137 883 1263 915 cetera
1281 893 1296 916 6

74 942 248 992 prodigia
267 943 384 980 libros
404 943 510 980 adire
530 943 737 980 decemviri
757 943 870 980 iussi:
899 943 1001 993 quod
1021 947 1150 979 autem
1170 942 1262 991 lapi-

73 1006 185 1043 dibus
208 1007 397 1057 pluvisset
424 1008 463 1043 in
485 1007 637 1054 Piceno,
662 1008 890 1044 novendiale
916 1020 1065 1044 sacrum
1093 1007 1260 1044 edictum

73 1074 113 1106 et
129 1071 293 1108 subinde
312 1071 399 1108 aliis
425 1071 675 1120 procurandis
700 1084 818 1120 prope
837 1076 920 1108 tota
944 1071 1080 1108 civitas
1106 1075 1262 1120 operata

75 1135 157 1173 fuit.
215 1135 319 1172 Nam
341 1136 510 1185 primum
537 1135 710 1172 omnium
735 1136 826 1172 urbs
846 1135 1012 1171 lustrata
1032 1139 1091 1171 est
1110 1134 1260 1171 hostiae-
1281 1157 1294 1179 7

73 1212 147 1250 que
171 1200 344 1246 maiores,
365 1201 506 1249 quibus
531 1200 679 1236 editum
707 1206 775 1247 est,
802 1200 876 1236 diis
901 1212 1016 1245 caesae,
1046 1203 1085 1236 et
1113 1199 1258 1235 donum
1279 1216 1294 1240 g

72 1277 121 1301 ex
140 1264 226 1302 auri
241 1265 366 1314 pondo
382 1265 638 1314 quadraginta
654 1265 876 1302 Lanuvium
896 1264 1041 1301 Iunoni
1061 1267 1258 1313 portatum

72 1333 131 1367 est
154 1334 195 1367 et
219 1329 373 1380 signum
404 1342 566 1367 aeneum
599 1334 786 1366 matronae
812 1329 958 1365 Iunoni
989 1328 1031 1364 in
1060 1327 1261 1364 Aventino

73 1393 360 1440 dedicaverunt,
382 1398 421 1430 et
440 1394 722 1431 lectisternium
743 1394 860 1440 Caere,
883 1393 951 1430 ubi
969 1397 1091 1430 sortes
1110 1398 1261 1430 attenu-

69 1464 144 1496 atae
169 1462 290 1505 erant,
314 1459 557 1508 imperatum,
580 1463 619 1496 et
648 1458 880 1508 supplicatio
910 1459 1092 1495 Fortunae
1123 1459 1162 1494 in
1191 1458 1260 1495 AJ-

71 1522 187 1572 gid03
228 1523 364 1560 Rornae
400 1537 552 1573 quoque
590 1529 629 1561 et
666 1524 947 1561 lectisternium
985 1523 1182 1560 iuventuti
1221 1527 1292 1572 et9

71 1587 302 1637 supplicatio
321 1589 369 1625 ad
389 1589 507 1626 aeclem
536 1588 721 1626 Herculis
750 1587 993 1634 nominatim,
1015 1587 1154 1625 deinde
1176 1588 1260 1625 uni-

73 1664 181 1689 verso
199 1652 341 1701 populo
364 1653 464 1689 circa
490 1652 620 1690 omnia
642 1652 863 1701 pulvinaria
887 1652 1045 1697 indicta,
1069 1656 1108 1688 et
1135 1651 1259 1689 Genio

71 1715 235 1753 maiores
262 1716 398 1753 hostiae
426 1729 529 1753 caesae
556 1716 738 1766 quinque,
761 1720 801 1752 et
830 1715 870 1753 O.
894 1716 1045 1752 Atilius
1072 1715 1259 1753 Serranus
1279 1736 1309 1752 10

73 1784 213 1829 praetor
243 1786 336 1818 vota
368 1781 560 1830 suscipere
590 1781 730 1827 iussus,
759 1780 792 1817 si
820 1779 862 1816 in
890 1780 1020 1816 decem
1049 1792 1170 1816 annos
1198 1792 1258 1816 res

72 1844 225 1893 publica
243 1845 377 1882 eodem
397 1845 567 1882 stetisset
587 1848 703 1881 statu.
750 1843 847 1880 Haec
866 1847 1071 1892 procurata
1091 1847 1259 1893 votaque
1280 1864 1307 1881 ιι

71 1921 120 1946 ex
139 1909 249 1948 libris
269 1909 469 1960 Sibyllinis
481 1922 622 1959 magna
634 1913 806 1959 exparte
823 1909 1050 1946 levaverant
1074 1908 1258 1958 religione
1287 1924 1291 1929 ’

72 1973 232 2011 animos.

151 2038 364 2076 Consulum
393 2033 680 2089 designatorum
714 2038 814 2076 alter
847 2037 1075 2081 Flaminius,
1109 2037 1172 2074 cui
1205 2050 1258 2074 eae
1277 2047 1327 2085 63

70 2101 249 2153 legiones,
258 2116 343 2153 quae
356 2103 564 2141 Placentiae
579 2103 849 2148 hibernabant,
863 2106 966 2139 sorte
994 2116 1144 2142 Flaminius
1213 2118 1260 2142 me

993 2148 1088 2172 consul
1122 2147 1259 2178 designate

71 2172 290 2216 evenerant,
320 2169 489 2206 edictum
517 2172 557 2205 et
582 2167 735 2204 litteras
760 2167 806 2203 ad
835 2179 966 2203 consu·
993 2178 1259 2240 ἷνγιιοοέἓὲἔεοῗιιὲιῑηῖὁ

70 2231 145 2269 lem
172 2232 288 2278 misit,
310 2237 356 2270 ut
381 2232 414 2269 is
439 2232 633 2270 exercitus
657 2231 787 2268 idibus
808 2231 965 2268 Martiis
993 2241 1038 2265 tue
1051 2239 1204 2270 patriciana.
