1403 2438
498 118 668 156 LIBER
705 118 853 155 XXII.
1200 118 1274 156 129

78 229 214 267 parum
235 216 419 264 validum,
440 230 463 254 a
482 221 608 254 cetera
623 216 911 266 «prominentem
939 216 1027 254 acie.
1090 215 1275 265 Impulsis
1293 225 1308 250 6

78 281 217 319 deinde
231 293 274 318 ac
290 281 437 331 trepide
457 281 715 317 referentibus
727 281 862 330 pedem
882 280 1057 317 institere
1077 293 1122 316 ae
1142 284 1274 316 tenore

78 358 157 382 uno
175 358 244 395 per
270 358 436 394 pmeceps
463 358 602 394 pavore
630 344 864 393 fugientium
891 357 1024 392 agmen
1047 344 1087 380 in
1108 344 1273 381 mediam

77 409 244 458 primum
265 410 384 446 aciem
406 409 516 454 illati,
539 413 732 457 postremo
762 408 870 444 nullo
900 409 1101 445 resistente
1120 409 1169 445 ad
1188 409 1275 445 sub-

77 473 177 509 sidia
199 473 384 510 Afrorum
411 476 682 521 pervenerunt,
705 471 774 519 qui
801 472 986 520 utrinque
1009 472 1176 508 reductis
1203 472 1273 509 alis
1292 483 1306 506 7

77 536 342 581 constiterant,
373 536 512 582 media,
544 548 620 584 qua
651 535 755 572 Galli
790 535 1038 584 Hispanique
1070 540 1271 582 steterant,

77 599 322 649 aliquantum
353 600 597 649 prominente
628 599 719 636 acie.
779 599 856 644 Qui
890 612 1034 636 cuneus
1062 604 1107 636 ut
1139 600 1273 648 pulsus
1292 607 1307 631 8

77 664 248 714 aequavit
275 664 441 700 frontem
475 664 654 712 primum,
681 663 769 699 dein
799 663 967 700 cedendo
996 663 1113 700 etiam
1142 663 1272 700 sinum

78 729 120 766 in
139 728 265 765 medio
285 727 403 774 dedit,
425 727 518 764 Afri
536 728 636 764 circa
656 727 732 763 iam
753 740 896 764 cornua
918 727 1100 774 fecerant,
1123 728 1272 765 irruen-

77 794 259 843 tibusque
288 792 445 829 incaute
476 792 519 828 in
556 791 726 828 medium
765 791 954 829 Romanis
987 792 1272 830 circumdedere

77 857 157 894 alas
171 870 182 905 ς
220 869 312 893 mox
346 869 490 893 cornua
521 856 766 893 extendendo
804 856 974 893 clausere
1011 861 1051 893 et
1084 857 1132 894 ab
1162 862 1272 907 tergo

77 920 214 957 hostes.
285 919 393 956 Hinc
424 919 606 967 Romani,
639 919 814 956 defuncti
847 919 1104 969 nequicquam
1136 920 1271 969 proelio
1289 939 1307 964 9

78 996 166 1031 uno,
197 983 348 1020 omissis
378 982 503 1020 Gallis
535 983 812 1032 Hispanisque,
846 996 1010 1032 quorum
1039 987 1148 1032 terga
1180 984 1273 1020 ceci-

77 1048 224 1094 derant,
245 1047 429 1084 adversus
455 1047 576 1083 Afros
604 1047 797 1095 integram
826 1060 994 1096 pugnam
1020 1047 1170 1091 ineunt,
1190 1061 1269 1085 non
1292 1064 1324 1080 ιο

78 1116 232 1149 tantum
250 1124 294 1149 eo
312 1111 500 1160 iniquam,
522 1111 624 1160 quod
644 1110 783 1147 inclusi
803 1111 988 1148 adversus
1007 1112 1269 1159 circumfusos,

76 1175 142 1213 sed
169 1175 284 1213 etiam
315 1176 418 1225 quod
445 1175 536 1213 fessi
569 1189 655 1213 cum
683 1176 902 1213 recentibus
930 1189 973 1213 ac
1001 1176 1149 1226 vegetis
1178 1190 1271 1227 pug-

77 1240 235 1285 nabant.

156 1302 243 1340 Iam
265 1307 304 1340 et
322 1303 479 1341 sinistro
499 1317 618 1342 cornu
632 1305 820 1351 Romano,
834 1305 902 1342 ubi
918 1305 1106 1343 sociorum
1120 1306 1269 1356 equites
1288 1299 1337 1337 48

74 1367 258 1404 adversus
277 1367 472 1405 Numidas
500 1373 704 1416 steterant,
726 1375 944 1407 consertum
967 1371 1146 1420 proelium
1173 1375 1267 1419 erat,

74 1446 189 1482 segne
218 1434 344 1483 primo
370 1438 410 1471 et
434 1447 457 1470 a
476 1433 626 1471 Punica
654 1439 822 1484 coeptum
848 1436 993 1476 fraude,
1053 1436 1269 1486 Quingenti
1287 1450 1302 1467 2

74 1501 194 1539 ferme
212 1501 254 1538 N
258 1502 407 1548 umidae,
428 1507 568 1551 praeter
592 1502 706 1539 solita
731 1516 838 1539 arma
860 1503 1014 1552 telaque
1043 1503 1191 1552 gladios
1210 1516 1267 1540 oc-

73 1566 198 1603 cultos
217 1566 290 1602 sub
311 1565 439 1602 loricis
461 1566 657 1612 habentes,
679 1567 804 1616 specie
831 1567 1119 1616 transfugarum
1145 1580 1266 1616 quum

73 1630 122 1666 ab
150 1630 230 1666 suis
255 1643 406 1679 parmas
432 1634 520 1679 post
547 1634 656 1680 terga
680 1631 866 1668 habentes
893 1631 1191 1680 adequitassent,
1212 1644 1266 1668 re·
1286 1645 1305 1669 3

73 1698 190 1743 pente
222 1707 272 1731 ex
301 1694 411 1744 equis
443 1695 639 1742 desiliunt,
674 1697 894 1746 parmisque
931 1701 970 1733 et
1003 1697 1139 1734 iaculis
1175 1701 1266 1734 ante

73 1757 188 1806 pedes
206 1757 374 1795 hostium
402 1759 592 1809 proiectis,
614 1761 656 1797 in
681 1761 847 1798 mediam
874 1762 993 1798 aciem
1013 1762 1161 1811 accepti
1180 1762 1267 1799 duc-

73 1822 180 1872 tique
198 1823 248 1860 ad
266 1823 424 1860 ultimos
443 1825 639 1862 considere
656 1826 706 1862 ab
727 1829 834 1875 tergo
853 1826 1047 1863 iubentur.
1090 1827 1152 1863 Ac
1172 1827 1263 1863 dum

72 1886 251 1935 proelium
278 1887 327 1924 ab
352 1887 458 1923 omni
483 1892 593 1936 parte
619 1889 848 1936 conseritur,
870 1889 993 1939 quieti
1013 1894 1240 1926 manserunt
1254 1904 1264 1937 ;

72 1954 276 2000 postquam
301 1950 474 1987 omnium
500 1953 648 1988 animos
673 1953 879 2002 oculosque
908 1957 1162 2002 occupaverat
1188 1967 1264 1990 cer·
1281 1972 1303 1996 4

71 2019 214 2060 tamen,
235 2018 320 2051 tum
348 2015 514 2064 arreptis
542 2016 673 2063 scutis,
695 2029 780 2066 quae
808 2017 951 2066 passim
976 2017 1079 2054 inter
1107 2030 1264 2055 acervos

70 2093 253 2117 caesorum
282 2092 483 2129 corporum
517 2084 641 2118 strata
672 2086 793 2129 erant,
824 2095 999 2118 aversam
1033 2081 1264 2119 adoriuntur

70 2143 288 2180 Romanam
300 2143 432 2189 aciem,
446 2147 630 2192 tergaque
644 2144 828 2182 ferientes
839 2158 882 2181 ac
895 2145 1060 2194 poplites
1075 2145 1263 2182 caedentes

69 2210 233 2256 stragem
267 2207 464 2257 ingentem
493 2220 535 2244 ac
564 2207 746 2245 maiorem
781 2208 980 2258 aliquanto
1010 2221 1189 2258 pavorem
1218 2221 1264 2246 ac.

197 2291 231 2321 c.
255 2290 290 2321 L.
1121 2284 1144 2323 9
