1403 2438
497 143 664 182 LIBER
700 143 825 183 XXI.
1204 145 1254 182 57

73 240 230 280 victoris
248 243 473 290 spectantes,
533 240 582 277 Id
609 241 788 288 Romani,
809 240 921 277 modo
946 252 994 277 ne
1018 239 1112 289 quid
1132 251 1257 276 move-
1274 255 1290 279 ⁴

75 310 171 353 rent,
197 318 306 355 aequo
333 305 438 351 satis,
464 304 608 342 Poenus
635 305 838 354 periniquo
865 304 994 341 animo
1021 304 1178 350 ferebat,
1209 304 1258 340 ab

74 370 197 408 Gallis
220 370 385 406 accitum
414 382 453 406 se
475 369 626 406 venisse
653 369 702 406 ad
730 369 949 406 liberandos
973 381 1036 406 eos
1062 368 1254 405 dictitans.

75 435 136 473 Ob
153 447 236 472 eam
255 435 364 480 iram,
386 433 501 470 simul
515 437 558 470 ut
572 433 701 482 praeda
718 433 884 469 militem
896 433 1025 480 aleret,
1044 431 1120 469 duo
1135 432 1257 469 millia
1275 443 1289 468 5

74 499 247 549 peditum
275 502 314 534 et
338 498 443 534 mille
466 497 625 546 equites,
655 496 848 533 Numidas
876 496 1085 545 plerosque,
1115 496 1258 533 mixtos

73 562 257 612 quosdam
290 565 330 598 et
358 560 501 607 Gallos,
531 560 709 610 populari
736 573 890 598 omnem
917 560 1095 608 deinceps
1122 572 1258 608 agrum

75 639 195 676 usque
213 626 261 663 ad
282 625 380 662 Padi
406 626 509 674 ripas
535 626 658 662 iussit.
715 625 883 675 Egentes
908 637 978 674 ope
1002 624 1116 670 Galli,
1138 637 1257 673 quum
1275 635 1291 660 6

73 690 122 728 ad
151 691 191 728 id
221 690 357 727 dubios
385 694 601 727 servassent
628 690 788 736 animos,
816 690 938 726 coacti
962 690 1010 726 ab
1038 688 1258 726 auctoribus

73 756 224 792 iniuriae
261 755 310 792 ad
342 755 513 792 vindices
550 755 701 791 futuros
731 755 937 800 declinant,
971 754 1182 803 legatisque
1210 752 1259 789 ad

73 820 249 858 consules
262 818 401 865 missis,
415 819 605 856 auxilium
618 819 882 855 Romanorum
900 822 1012 855 terrae
1031 819 1080 855 ob
1098 817 1258 854 nimiam

73 884 267 922 cultorum
287 884 402 920 fidem
421 884 463 920 in
482 883 679 920 Romanos
697 883 889 920 laboranti
909 886 1030 920 orant.
1081 882 1258 919 Cornelio
1276 899 1291 923 7

73 961 143 986 nec
161 961 274 986 causa
293 961 362 985 nec
381 952 533 997 tempus
552 948 708 997 agendae
729 948 783 984 rei
803 948 986 996 placebat,
1008 951 1258 996 suspectaque

73 1015 109 1051 ei
136 1026 228 1063 gens
258 1017 341 1050 erat
370 1025 489 1062 quum
517 1013 565 1049 ob
594 1012 714 1048 infida
740 1013 863 1049 multa
886 1012 1067 1055 facinora,
1091 1016 1186 1058 tum,
1214 1016 1259 1049 ut

73 1079 150 1115 alia
195 1081 390 1114 vetustate
427 1077 714 1124 obsolevissent,
759 1077 806 1114 ob
843 1082 1036 1114 recentem
1074 1076 1258 1113 Boiorum

73 1142 290 1193 perfidiam,
311 1141 560 1190 Sempronius
580 1146 712 1178 contra
732 1141 974 1178 continendis
992 1141 1035 1178 in
1053 1141 1128 1178 fide
1147 1141 1258 1178 sociis
1276 1156 1292 1182 8

14 1252 17 1255 ,
73 1208 286 1246 maximum
317 1205 516 1242 vinculum
549 1218 629 1243 esse
659 1206 812 1254 primos,
847 1206 915 1256 qui
946 1206 1138 1255 eguissent
1175 1218 1256 1255 ope,

74 1271 249 1309 defensos
267 1271 454 1308 censebat.
496 1270 650 1319 Collega
669 1275 883 1317 cunctante,
899 1271 1114 1320 equitatum
1134 1283 1258 1318 suum,
1276 1289 1291 1313 9

73 1335 178 1372 mille
197 1335 370 1384 peditum
394 1334 669 1371 iaculatoribus
693 1334 813 1371 ferme
835 1335 1029 1382 admixtis,
1054 1336 1104 1372 ad
1132 1335 1258 1372 defen-

75 1399 244 1438 dendum
260 1399 452 1436 Gallicum
472 1411 606 1447 agrum
624 1403 730 1435 trans
745 1399 921 1436 Trebiam
937 1401 1067 1437 mittit.
1101 1400 1258 1449 Sparsos
1278 1420 1309 1438 10

76 1468 116 1501 et
142 1463 423 1512 incompositos,
445 1462 494 1498 ad
518 1462 589 1498 hoc
613 1475 749 1511 graves
774 1463 902 1512 praeda
920 1464 1119 1514 plerosque
1138 1477 1258 1514 quum

75 1529 274 1577 inopinato
309 1527 552 1572 invasissent,
588 1527 784 1576 ingentem
821 1532 1006 1565 terrorem
1043 1529 1258 1579 caedemque

75 1605 120 1629 ac
138 1593 266 1641 fugam
287 1603 408 1640 usque
427 1591 475 1627 ad
494 1595 619 1627 castra
643 1592 906 1641 stationesque
925 1593 1093 1630 hostium
1112 1595 1233 1632 fecere
1247 1607 1259 1642 3

75 1657 179 1694 unde
205 1655 457 1693 multitudine
484 1655 603 1692 effusa
624 1655 726 1705 pulsi
751 1669 884 1694 rursus
909 1657 1079 1695 subsidio
1101 1671 1259 1697 suoi-um

75 1720 253 1771 proelium
282 1719 495 1757 restituere.
553 1720 676 1757 Varia
703 1721 794 1758 inde
822 1734 952 1771 pugna
980 1728 1182 1772 sequentes
1209 1738 1260 1762 ce·
1278 1745 1307 1762 n

75 1785 275 1835 dentesque
304 1797 423 1834 quum
460 1784 510 1821 ad
546 1788 762 1821 extremum
799 1790 1014 1835 aequassent
1051 1792 1255 1836 certamen,

75 1849 198 1886 maior
218 1854 349 1886 tamen
373 1848 543 1885 hostium
572 1849 695 1896 παίεις,
712 1863 828 1898 penes
846 1850 1042 1888 Romanos
1064 1853 1166 1890 sama
1183 1853 1260 1891 vic·

77 1913 185 1950 toriae
203 1912 288 1950 fuit.
344 1911 525 1950 Ceterum
544 1912 692 1948 nemini
711 1913 882 1949 omnium
902 1914 1025 1951 maior
1045 1915 1258 1967 iustiorque
1279 1920 1327 1961 53

75 1990 192 2028 quam
219 1977 294 2027 ipsi
318 1976 467 2014 consuli
485 1976 610 2013 videri
623 1989 635 2023 3
661 1977 802 2025 gaudio
827 1977 964 2024 efferri,
996 2005 1178 2031 Emboldened
1193 2007 1229 2037 by
1243 2014 1260 2033 a

76 2055 154 2092 qua
183 2045 293 2092 parte
321 2041 517 2091 copiarum
549 2040 648 2078 alter
675 2041 808 2078 consul
841 2042 968 2079 victus
994 2037 1097 2096 ἓξῇξξᾶ,
1110 2037 1260 2093 θξζῆζξζξῗ

75 2107 186 2152 foret,
207 2119 252 2143 ea
269 2117 310 2142 se
328 2105 487 2142 vicisse:
514 2105 715 2142 restitutos
742 2119 785 2143 ac
804 2105 967 2143 refectos
994 2097 1072 2153 ξ’,ξζζζξ
1093 2098 1260 2154 οῑῖᾚξῗζῗῖ
1277 2127 1292 2145 2

75 2171 266 2208 militibus
301 2170 461 2218 animos,
500 2183 572 2207 nec
611 2183 844 2220 quemquam
888 2183 968 2207 esse
996 2158 1098 2190 ¹e³g¹²⁴³’

76 2239 216 2285 praeter
254 2233 448 2284 collegam,
492 2233 561 2284 qui
591 2234 753 2272 dilatam
792 2233 1078 2292 dimicationem
1114 2234 1259 2282 vellet3
