1403 2438
482 225 654 263 LIBER
694 225 838 263 XXII.
1179 229 1252 265 115

61 329 162 361 certe
200 324 321 373 plebis
360 325 544 361 Romanae
583 338 692 371 esse;
731 325 912 374 populum
950 326 1113 362 liberum
1149 326 1250 362 habi-

62 394 189 426 turum
221 402 263 425 ac
296 389 476 425 (laturum
507 391 553 435 ci,
583 391 649 439 qui
680 396 830 426 mature
860 391 1011 427 vincere
1039 404 1154 440 quam
1184 391 1251 428 diu

60 453 246 503 imperare
279 454 397 490 malit.

140 519 268 564 Quum
303 519 363 556 his
396 519 636 555 orationibus
665 531 822 555 accensa
851 520 959 568 plebs
987 524 1096 566 esset,
1127 520 1253 557 tribus
1273 521 1321 558 35

61 583 231 632 patriciis
279 584 508 633 petentibus,
559 583 601 620 P.
651 583 830 619 Cornelio
878 583 956 619 Me-
986 611 1038 634 and
1062 611 1090 634 Ο.
1111 611 1252 635 Terentius

62 647 188 693 reuda,
225 647 266 684 L.
301 648 449 684 Manlio
482 647 666 692 Vulsone,
704 647 761 683 M.
794 647 958 684 AEmilio
986 641 1244 668 i⁵e¹⁰ct⁰d⁰⁰¹¹³u¹²

63 712 217 761 Lepido,
251 712 401 749 duobus
434 712 629 748 nobilibus
662 712 736 747 iam
773 712 1005 748 familiarum
1041 713 1176 761 plebei,
1208 713 1247 749 G.
1272 732 1286 748 2

62 777 187 813 Atilio
211 777 375 814 Serrano
398 782 437 813 et
462 777 504 820 Q.
529 777 636 813 AElio
664 777 782 823 Paeto,
805 789 967 826 quorum
1001 777 1100 813 alter
1129 778 1252 826 ponti-

62 843 136 888 fex,
156 842 254 878 alter
273 855 397 891 augur
417 847 509 887 erat,
533 842 573 878 C.
592 841 795 878 Terentius
816 842 946 880 consul
969 855 1069 878 unus
1088 847 1250 889 creatur,

63 910 105 942 ut
124 907 164 942 in
184 919 301 943 manu
321 907 403 943 eius
423 912 549 943 essent
568 907 720 944 comitia
744 907 912 955 rogando
931 907 1094 956 collegae.
1153 908 1252 944 Tum
1273 924 1287 947 3
1322 931 1339 941 ..

61 976 220 1020 experta
240 971 431 1018 nobilitas,
454 985 587 1021 parum
610 972 726 1008 fuisse
754 972 894 1008 virium
926 971 966 1007 in
996 972 1254 1020 competitori-

63 1037 132 1072 bus
165 1037 257 1082 eius,
294 1036 336 1072 L.
373 1036 580 1073 AEmilium
616 1036 794 1083 Paulum,
831 1037 897 1085 qui
931 1049 1016 1071 cum
1050 1036 1104 1072 M.
1140 1035 1253 1073 Livio

61 1101 193 1137 consul
225 1101 352 1137 fuerat
385 1107 424 1138 et
456 1101 703 1137 damnatione
736 1100 888 1149 collegae
919 1107 958 1136 et
985 1126 1142 1151 afterwards
1160 1126 1189 1150 L.
1211 1125 1253 1150 ὣ

61 1179 130 1202 sua
162 1178 279 1215 prope
316 1166 517 1202 ambustus
550 1171 736 1211 evaserat,
772 1166 954 1201 infestum
985 1157 1199 1182 ”¹³¹⁵¹¹⁵¹’³¹¹¹¹¹³·

62 1230 196 1279 plebei,
217 1230 284 1267 diu
310 1243 353 1267 ac
380 1231 544 1267 multum
571 1235 809 1267 recusantem
836 1231 883 1267 ad
907 1230 1133 1280 petitionem
1155 1242 1253 1266 coni-

63 1288 183 1343 pellit.
242 1295 282 1331 Is
314 1295 491 1344 proximo
524 1296 709 1331 comitiali
740 1296 813 1341 die,
845 1295 1141 1332 concedentibus
1176 1307 1252 1331 om-
1273 1307 1287 1329 4

64 1359 188 1404 nibus,
223 1359 289 1407 qui
327 1372 413 1396 cum
453 1359 631 1395 Varrone
670 1363 923 1405 certaverant,
957 1371 1026 1407 par
1060 1358 1180 1406 magis
1213 1357 1253 1393 in

62 1423 341 1460 adversandum
368 1436 482 1473 quani
513 1424 656 1472 collega
686 1425 800 1460 datur
828 1424 985 1460 consuli.
1045 1423 1143 1459 Inde
1163 1436 1253 1472 prae-

63 1491 189 1523 torum
222 1487 377 1523 comitia
408 1487 547 1524 habita..
613 1489 740 1525 Oreati
766 1488 832 1526 Μ’.
856 1487 1092 1536 Pomponius
1117 1486 1254 1523 Matho
1275 1498 1288 1520 5

63 1555 102 1587 et
122 1550 164 1588 P.
189 1551 330 1587 Furius
351 1550 512 1595 Planus,-
534 1551 649 1588 Philo
671 1552 803 1588 Romae
824 1552 899 1588 iuri
920 1552 1087 1588 dicundo
1107 1553 1256 1588 urbana

63 1628 153 1661 sors,
194 1615 408 1664 Pomponio
447 1618 549 1651 inter·
586 1617 689 1653 cives
730 1617 925 1653 Romanos
959 1621 998 1653 et
1036 1616 1255 1665 peregrinos

63 1680 193 1716 evenit
207 1693 218 1726 3
249 1680 372 1716 additi
407 1680 482 1716 duo
516 1685 710 1729 praetores,
743 1681 797 1717 M.
832 1681 1017 1718 Claudius
1045 1681 1256 1717 Marcellus
1274 1686 1290 1710 6

65 1745 103 1780 in
125 1743 306 1790 Siciliam,
328 1744 370 1781 L.
394 1744 619 1782 Postumius
639 1746 812 1782 Albinus
831 1746 872 1782 in
893 1745 1069 1782 Galliam.
1112 1745 1255 1782 Omnes
1274 1761 1288 1785 7

63 1809 240 1846 absentes
265 1809 382 1846 creati
411 1814 513 1855 sunt,
535 1823 605 1846 nec
635 1810 812 1859 cuiquam
845 1823 988 1856 eorum,
1019 1815 1158 1859 praeter
1187 1810 1254 1847 Te-

65 1874 231 1910 rentium
270 1874 476 1921 consulem,
512 1875 717 1911 mandatus
751 1875 882 1921 honos,
918 1888 1030 1924 quem
1066 1888 1145 1911 non
1177 1875 1253 1911 iam

64 1941 177 1975 antea
198 1938 386 1987 gessisset,
408 1939 614 1988 praeteritis
642 1939 792 1988 aliquot
820 1940 984 1976 fortibus
1014 1952 1057 1976 ac
1087 1940 1254 1977 strenuis

65 2002 168 2048 viris,
204 2002 294 2051 quia
331 2003 372 2039 in
410 2003 479 2039 tali
520 2008 690 2052 tempore
723 2004 820 2040 nulli
852 2017 976 2041 novus
1007 2005 1256 2054 magistratus

65 2066 271 2103 videbatur
289 2067 542 2104 mandandus.

146 2132 350 2170 Exercitus
369 2145 521 2182 quoque
539 2133 788 2182 multiplicati
808 2137 900 2171 sunt
913 2147 923 2180 3
952 2136 1106 2182 quantae
1125 2136 1252 2169 autem
1275 2130 1324 2169 36

65 2198 181 2248 copiae
214 2199 386 2249 peditum
418 2199 670 2248 equitumque
698 2199 839 2235 additae
868 2198 959 2243 sint,
989 2228 1090 2259 Larger
1100 2228 1198 2253 armies
1209 2235 1256 2252 are

64 2263 160 2300 adeo
185 2267 224 2300 et
247 2276 407 2300 numero
437 2267 478 2300 et
504 2275 641 2312 genere
672 2263 868 2312 copiarum
899 2276 961 2299 va·
990 2261 1076 2286 ⁸⁶²⁰¹¹
1101 2259 1256 2284 ¹⁰⁰²⁵¹¹t¹¹⁸

990 2291 1060 2320 hope
1083 2290 1111 2315 οῖ
1136 2289 1256 2318 bringing

67 2327 171 2365 riant
210 2332 396 2375 auctores,
435 2331 481 2364 ut
518 2327 585 2364 vix
624 2328 830 2376 quicquam
869 2327 963 2365 satis
991 2321 1255 2351 thewartoaeiow,

1032 2403 1143 2438 8-2
