1455 2454
135 180 184 217 70
655 178 802 215 LIVII

101 292 115 309 2
136 276 305 312 Arimini
340 276 488 312 adesset
519 275 559 311 in
590 275 735 313 castris,
795 275 875 311 Hic
917 275 957 310 in
999 273 1199 323 provincia
1236 285 1321 309 con-

133 341 303 377 sulatum
341 340 438 376 inire
476 339 677 376 consilium
716 344 799 376 erat
835 339 997 376 memori
1033 343 1210 376 veterum
1246 350 1322 375 cer-

133 405 323 441 taminum
355 416 442 440 cum
463 404 648 452 patribus,
685 417 769 453 quae
799 403 982 440 tribunus
1012 403 1134 452 plebis
1167 406 1207 439 et
1236 415 1322 451 quae

100 486 115 509 3
132 471 265 517 postea
284 467 415 503 consul
436 468 542 515 prius
559 467 605 504 de
625 467 840 512 consulatu,
860 466 925 515 qui
946 465 1215 514 abrogabatur,
1231 464 1321 500 dein

133 532 179 568 de
204 531 402 580 triumpho
435 532 635 577 habuerat,
657 532 807 568 invisus
836 532 953 569 etiam
979 531 1156 580 patribus
1184 530 1233 567 ob
1257 542 1322 566 no-

133 607 222 631 vam
240 594 373 643 legem,
394 607 511 644 quam
538 595 583 639 Q.
607 595 793 632 Claudius
817 595 998 631 tribunus
1017 593 1140 643 plebis
1159 592 1322 629 adverso

132 662 269 695 senatu
281 662 399 708 atque
412 671 489 695 uno
500 663 655 707 patrum
667 659 877 695 adiuvante
898 658 938 697 C.
950 657 1144 695 Flaminio
1163 656 1318 702 tulerat,

132 735 181 759 ne
196 722 283 771 quis
302 727 465 769 senator,
488 723 597 760 cuive
618 727 772 760 senator
792 728 901 772 pater
919 723 1068 769 fuisset,
1085 722 1319 759 maritimam

132 798 283 831 navem,
300 799 384 834 quae
405 786 492 835 plus
512 799 628 835 quam
644 791 906 823 trecentarum
921 787 1193 835 amphorarum
1209 790 1319 834 esset,

99 870 112 892 4
132 850 301 886 haberet.
361 849 406 885 Id
438 850 532 886 satis
563 850 739 886 habitum
771 851 819 886 ad
848 851 999 886 fructus
1029 862 1077 886 ex
1108 850 1210 897 agris
1239 863 1320 887 vec-

134 914 270 949 tandos
283 926 293 959 3
322 917 492 962 quaestus
511 914 636 951 omnis
652 915 830 964 patribus
850 915 1054 950 indecorus
1074 913 1190 950 visus.
1240 914 1321 951 Res

133 990 200 1025 per
219 989 409 1013 summam
428 978 716 1014 contentionem
740 982 826 1015 acta
851 977 1037 1014 invidiam
1064 978 1167 1026 apud
1186 977 1320 1014 nobili-

132 1044 253 1076 tatem
286 1040 434 1076 suasori
467 1041 562 1090 legis
597 1042 802 1088 Flaminio,
834 1042 1004 1078 favorem
1035 1041 1137 1090 apud
1168 1041 1319 1090 plebem

99 1116 112 1139 5
132 1118 395 1179 ἰῗόειῐοῑέἔιξῇῗὶῑὲἶῑῐέἓθ
423 1106 665 1154 alterumque
685 1106 774 1142 inde
794 1100 1037 1142 consulatum
1057 1105 1217 1154 peperit.
1258 1105 1319 1142 Ob

132 1180 165 1234 ἓξ
161 1180 349 1240 ὦζυέοὲδᾞοιὲ
357 1182 395 1234 11th
424 1171 504 1207 haec
537 1175 654 1216 ratus,
690 1170 870 1218 auspiciis
902 1169 1157 1206 ementiendis
1187 1169 1319 1206 Latin-

131 1241 242 1271 trigues.
423 1247 611 1284 arumque
636 1235 819 1271 feriarum
848 1247 957 1271 mora
984 1239 1024 1271 et
1051 1234 1319 1271 consularibus

132 1300 219 1337 aliis
263 1300 550 1348 impedimentis
586 1303 807 1336 retenturos
844 1312 884 1336 se
920 1300 962 1335 in
1000 1300 1095 1336 urbe
1136 1299 1318 1336 simulato

99 1372 114 1396 6
132 1365 270 1401 itinere
305 1365 479 1414 privatus
517 1364 612 1400 clam
650 1365 691 1400 in
722 1364 958 1413 provincia-m
998 1364 1104 1402 abiit.
1163 1364 1222 1401 Ea
1258 1377 1318 1401 res

132 1428 199 1465 ubi
229 1428 356 1477 palam
381 1428 482 1464 facta
505 1432 573 1473 est,
598 1440 738 1464 novam
761 1428 920 1477 insuper
943 1428 1041 1465 iram
1067 1428 1218 1465 infestis
1239 1428 1318 1465 iam

131 1497 223 1529 ante
246 1493 424 1541 patribus
450 1491 597 1528 movit:
628 1504 706 1528 non
725 1505 814 1528 cum
837 1496 976 1529 senatu
1005 1493 1126 1537 modo,
1149 1491 1216 1528 sed
1239 1491 1318 1529 iam

132 1570 218 1593 cum
248 1557 322 1593 diis
349 1556 634 1593 immortalibus
664 1556 703 1593 C.
733 1555 970 1592 Flaminium
1001 1557 1145 1594 bellum
1174 1571 1314 1607 gerere.

100 1635 114 1657 7
133 1620 339 1656 Consulem
371 1623 461 1655 ante
497 1619 738 1667 inauspicato
776 1619 920 1655 factum
961 1620 1232 1657 revocantibus
1269 1633 1317 1657 ex

131 1684 215 1733 ipsa
233 1684 313 1720 acie
333 1684 407 1720 diis
427 1689 543 1731 atque
558 1683 781 1719 hominibus
800 1695 878 1719 non
897 1683 1069 1732 paruisse
1075 1697 1087 1731 ζ,
1110 1697 1215 1721 nunc
1234 1697 1318 1722 con-

132 1749 293 1786 scientia
321 1753 538 1798 spretorum
564 1752 603 1784 et
634 1748 868 1797 Capitolium
895 1754 933 1784 et
961 1748 1185 1785 sollemnem
1213 1753 1318 1787 voto-

100 1828 113 1851 3
132 1827 219 1851 rum
247 1814 575 1864 nuncupationem
603 1814 756 1862 fugisse,
781 1827 830 1850 ne
859 1815 920 1850 die
948 1814 1039 1851 initi
1067 1815 1318 1864 magistratus

133 1878 239 1915 Iovis
265 1878 403 1927 optimi
428 1877 590 1913 maximi
613 1877 801 1926 templum
827 1877 963 1925 adiret,
984 1891 1033 1915 ne
1059 1883 1238 1916 senatum
1264 1881 1320 1917 in-

136 1943 239 1979 visus
266 1942 348 1990 ipse
376 1945 416 1978 et
444 1941 517 1977 sibi
537 1941 606 1977 uni
633 1941 805 1977 invisum
833 1941 984 1978 videret
1011 1943 1315 1994 consuleretque,

132 2019 181 2042 ne
199 2006 361 2042 Latinas
385 2005 573 2041 indiceret
593 2004 758 2053 Iovique
782 2005 931 2041 Latiari
956 2006 1141 2044 sollemne
1167 2004 1318 2046 sacrum
1365 2008 1367 2013 ’

98 2083 114 2108 9
132 2071 174 2107 in
193 2075 325 2107 monte
350 2070 501 2115 faceret,
522 2083 570 2106 ne
590 2070 788 2118 auspicato
807 2071 1001 2119 profectus
1020 2071 1062 2107 in
1083 2071 1318 2121 Capitolium

132 2135 181 2171 ad
213 2138 305 2170 vota
341 2134 613 2183 nuncupanda,
645 2134 852 2183 paludatus
884 2135 975 2171 inde
1003 2147 1091 2171 cum
1116 2135 1318 2173 lictoribus

132 2198 173 2234 in
200 2197 440 2245 provinciam
468 2197 554 2236 iret.
613 2198 719 2235 Lixae
745 2199 857 2234 modo
883 2198 966 2234 sine
986 2199 1215 2248 insignibus,
1235 2199 1317 2237 sine

133 2262 333 2299 lictoribus
354 2262 567 2310 profectum
587 2262 698 2309 clam,
718 2263 865 2308 furtim,
887 2263 992 2300 haud
1015 2263 1129 2299 aliter
1148 2276 1264 2313 quam
1284 2265 1318 2302 si
