1434 2402
169 77 242 115 146
684 70 830 110 LJVH

115 194 148 211 20
164 175 284 212 centis
303 174 430 211 hostes
446 174 629 209 obstitere
640 186 648 218 ;
671 184 786 221 quam
804 175 843 207 tu
853 175 934 206 tum
954 169 1028 206 iter
1049 169 1212 205 duarum
1234 180 1350 217 prope

162 237 353 286 legionum
381 235 526 283 agmini
551 234 728 271 futurum
754 232 917 271 censetis
942 231 1084 268 fuisse'l
1140 230 1350 267 Haberetis

161 299 274 336 hodie
293 298 433 347 viginti
462 298 585 335 millia
610 302 845 334 armatorum
873 294 1033 333 Canusii
1060 295 1186 341 fortia,
1208 295 1348 343 fidelia,

160 367 288 412 patres
307 362 524 411 conscripti.
566 362 605 398 N
611 375 683 398 unc
703 366 832 398 autem
854 359 1178 410 quemadmodum
1196 358 1239 396 hi
1257 358 1350 396 boni

159 427 364 476 fidelesque
385 425 491 478 (nam
513 426 660 462 ‘fortes’
681 438 729 462 ne
757 425 829 474 ipsi
859 425 1015 474 quidem
1039 421 1227 473 dixerint)
1246 422 1349 460 cives

110 509 140 526 ιι
160 501 239 526 esse
271 489 457 538 possunt?
513 488 604 525 Nisi
636 489 722 537 quis
753 488 904 524 credere
935 491 1074 536 potest,
1109 490 1179 523 aut
1208 486 1349 523 favisse

159 550 460 599 erumpentibus,
500 550 579 598 qui,
614 563 661 586 ne
703 553 960 598 erumperent,
998 548 1183 585 obsistere
1219 547 1349 585 conati

159 617 261 660 sunt,
296 617 364 649 aut
397 626 475 649 non
504 613 679 649 invidere
711 625 775 649 eos
807 625 928 661 quum
957 611 1227 658 incolumitati,
1260 614 1347 648 tum

158 677 288 725 gloriae
307 677 463 713 illorum
482 689 551 726 per
569 677 759 713 virtutem
785 680 915 725 partae,
937 687 1058 724 quum
1076 674 1151 712 sibi
1168 674 1348 712 timorem

159 740 429 789 ignaviamque
449 740 648 776 servitutis
661 739 923 789 ignominiosae
939 751 1092 776 causam
1112 751 1192 775 esse
1211 738 1345 777 sciant.

109 816 140 832 22
160 803 388 840 Maluerunt
407 804 448 840 in
468 804 647 840 tentoriis
666 804 830 840 latentes
850 802 964 839 simul
985 802 1110 840 lucem
1129 806 1245 852 atque
1263 801 1348 839 hos-

158 870 236 902 tem
268 871 499 916 exspectare,
533 879 652 916 quum
691 866 846 903 silentio
875 865 999 902 noctis
1028 863 1257 914 erumpendi
1289 876 1347 901 00-

158 931 256 967 casio
273 936 381 969 esset.
421 932 471 968 Ac
491 931 539 967 ad
555 931 834 980 emmpendum
853 943 874 968 e
889 931 1022 967 castris
1037 929 1163 967 defuit
1181 928 1344 976 animus,

109 1011 140 1034 ²3
158 995 206 1031 ad
225 996 391 1032 tutanda
410 996 563 1033 sortiter
576 1000 700 1033 castra
714 996 888 1032 animum
903 996 1143 1043 habueruntj,
1162 995 1243 1032 dies
1261 1008 1346 1032 noc-

157 1063 291 1109 tesque
312 1060 460 1109 aliquot
479 1061 623 1097 obsessi
642 1061 789 1097 vallum
808 1060 935 1106 armis,
952 1073 992 1097 se
1011 1060 1084 1110 ipsi
1104 1059 1225 1097 tutati
1243 1059 1344 1096 vallo

157 1128 274 1170 sunt3
302 1125 460 1161 tandem
478 1125 618 1161 ultima
640 1125 723 1161 ausi
749 1124 938 1174 passique,
961 1137 1079 1174 quum
1106 1124 1236 1161 omnia
1260 1124 1346 1161 sub-

156 1187 254 1225 sidia
274 1188 362 1225 vitae
390 1189 566 1226 deessent
590 1189 812 1238 affectisque
840 1189 940 1226 fame
958 1189 1108 1226 viribus
1135 1201 1243 1225 arma
1267 1188 1345 1225 iam

155 1253 344 1289 sustinere
360 1253 576 1302 nequirent,
592 1253 886 1290 necessitatibus
901 1254 1022 1302 magis
1036 1252 1217 1290 humanis
1229 1265 1344 1303 quam

106 1327 137 1350 ²4
154 1315 271 1352 armis
290 1316 385 1352 victi
405 1320 505 1354 sunt.
567 1316 665 1354 Orto
685 1317 762 1353 sole
788 1316 910 1354 hostis
929 1317 978 1354 ad
998 1316 1146 1353 vallum
1164 1316 1324 1353 accessit
1331 1329 1344 1364 3

153 1383 244 1417 ante
264 1381 471 1417 secundam
491 1381 635 1429 horam,
657 1381 807 1418 nullam
825 1381 1022 1418 fortunam
1043 1380 1264 1418 certaminis
1282 1393 1345 1418 ex-

104 1458 135 1483 25
153 1444 265 1493 perti,
282 1444 529 1481 tradiderunt
543 1458 651 1482 arma
669 1458 712 1482 ac
732 1458 771 1483 se
791 1446 903 1495 ipsos.
946 1445 1044 1483 Haec
1058 1445 1167 1483 vobis
1181 1445 1345 1483 istorum

152 1520 222 1556 per
247 1507 408 1545 biduum
435 1509 577 1546 militia
602 1510 688 1547 suit.
748 1509 877 1554 Quum
903 1509 946 1547 in
967 1510 1047 1547 acie
1070 1514 1172 1547 stare
1191 1522 1235 1547 ac
1252 1522 1345 1559 pug-

152 1583 245 1608 nare
273 1572 462 1614 decuerat,
494 1578 580 1610 tum
609 1574 652 1610 in
682 1578 807 1611 castra
838 1575 1089 1623 refugerunt,-
1124 1587 1245 1625 quum
1274 1587 1344 1624 pro

152 1635 255 1673 vallo
284 1637 536 1686 pugnandum
567 1642 661 1684 erat,
697 1643 821 1675 castra
853 1638 1110 1685 tradiderunt,
1144 1651 1270 1688 neque
1301 1638 1343 1675 in

105 1707 136 1731 26
152 1699 232 1735 acie
250 1711 375 1748 neque
393 1699 436 1736 in
457 1700 592 1737 castris
612 1701 738 1739 utiles.
798 1702 852 1738 Et
870 1714 940 1738 vos
959 1701 1170 1740 redimam‘e
1213 1701 1343 1747 Quum

151 1775 351 1812 erumpere
384 1777 401 1802 e
434 1765 568 1802 castris
606 1770 769 1815 oportet,
805 1766 1042 1803 cunctamini
1075 1779 1120 1804 ac
1152 1765 1319 1803 manetis
1330 1779 1342 1814 3

152 1840 273 1876 quum
292 1840 447 1864 manere
466 1834 499 1866 et
519 1832 643 1866 castra
665 1829 788 1866 tutari
807 1830 923 1867 armis
945 1842 1097 1867 necesse
1116 1833 1185 1879 est,
1206 1833 1247 1867 et
1266 1841 1342 1866 cas-

103 1908 135 1932 27
153 1895 213 1927 tra
232 1894 272 1927 et
289 1903 397 1927 arma
415 1895 455 1928 et
473 1905 542 1929 vos
561 1893 664 1942 ipsos
682 1893 837 1930 traditis
856 1894 969 1932 hosti.
1018 1893 1102 1944 Ego
1120 1907 1200 1931 non
1217 1895 1340 1944 magis

150 1957 244 1993 istos
272 1956 523 2003 redimendos,
545 1960 674 2006 patres
698 1957 915 2007 conscripti,
941 1970 1085 2004 censeo,
1115 1971 1230 2008 quam
1253 1958 1341 1995 illos

151 2020 343 2057 dedendos
375 2020 603 2068 Hannibali,
636 2021 703 2071 qui
733 2035 801 2071 per
829 2023 975 2060 medios
1002 2023 1131 2060 hostes
1157 2035 1179 2060 e
1206 2021 1342 2060 castris

150 2086 361 2132 eruperunt
389 2096 432 2121 ac
462 2096 531 2134 per
557 2072 749 2121 summam
777 2085 964 2122 vii-tutem
998 2099 1039 2124 se
1065 2085 1202 2136 patriae
1233 2085 1340 2124 resti-

149 2146 348 2184 tuerunt.''
