1434 2402
165 168 212 204 96
688 164 829 200 LIVIJ

129 275 144 298 6
164 265 300 314 Itaque
319 270 361 301 ut
379 264 614 312 improvidos
629 264 878 311 incautosque
899 263 1077 298 universo
1096 263 1208 299 simul
1232 264 1350 301 effuso

163 336 305 368 terrore
334 330 575 379 opprimeret,
605 327 767 363 sublatis
796 327 945 363 ancoris
973 326 1022 362 ad
1050 326 1198 363 hostem
1228 322 1369 364 vaditf'

163 396 308 431 Multas
342 399 381 430 et
411 393 502 429 locis
535 392 623 429 altis
657 392 798 441 positas
836 395 962 428 turres
998 391 1193 441 Hispania
1221 393 1347 440 habet,

161 458 299 506 quibus
328 461 366 493 et
394 456 555 506 speculis
584 459 623 492 et
646 455 941 504 propugnaculis
968 455 1152 491 adversus
1180 455 1350 493 latrones

129 537 142 559 7
161 525 336 557 utuntur.
413 520 510 556 Inde
548 519 672 568 primo
709 519 922 568 conspectis
962 518 1130 555 hostium
1173 519 1347 566 navibus,

160 586 292 622 datum
324 585 475 634 signum
509 583 747 620 Hasdrubali
779 587 848 630 est,
881 584 1150 632 tumultusque
1180 584 1286 632 prius
1308 584 1349 620 in

161 654 262 684 terra
291 651 330 684 et
357 648 492 684 castris
517 660 630 696 quam
662 647 709 682 ad
739 659 843 683 mare
867 651 906 683 et
931 647 978 682 ad
1005 660 1122 684 naves
1147 651 1205 684 est
1228 652 1347 694 ortus,

160 711 329 747 nondum
356 715 425 746 aut
454 711 565 759 pulsu
600 722 790 745 remorum
820 710 1062 759 strepituque
1090 710 1165 754 aliQ
1193 711 1350 748 nautico

86 792 97 804 κ
127 792 141 815 g
160 776 342 811 exaudito
362 781 430 811 aut
450 775 711 823 aperientibus
736 774 893 811 classem
921 775 1208 823 promuntoriis,
1229 788 1347 824 quum

125 1120 141 1142 ⁴)

107 1754 133 1770 11

161 842 314 886 repente
335 850 448 886 eques
468 837 567 873 alius
592 850 706 886 super
732 837 850 873 alium
871 838 919 873 ab
945 837 1192 875 Hasdrubale
1211 838 1350 875 missus

161 914 274 950 vagos
293 901 333 936 in
354 901 466 937 litore
486 901 712 950 quietosque
732 902 769 937 in
792 901 971 938 tentoriis
991 901 1081 948 suis,
1105 901 1201 939 nihil
1221 902 1350 939 minus

158 979 271 1014 quain
303 965 449 1002 hostem
480 970 549 1002 aut
581 966 756 1014 proelium
787 979 830 1003 eo
860 966 921 1003 die
955 970 1233 1016 exspectantes,
1265 979 1349 1003 con-

158 1030 336 1066 scendere
348 1042 465 1065 naves
481 1043 639 1078 propere
655 1034 770 1078 atquc
784 1043 890 1067 arma
905 1044 1038 1079 capere
1050 1031 1175 1068 iubet:
1191 1031 1347 1068 classem

160 1095 374 1130 Romanam
401 1094 477 1131 iam
504 1095 606 1131 haud
635 1096 764 1144 procul
795 1100 907 1145 portu
936 1110 1025 1133 esse.
1085 1097 1180 1133 Haec
1201 1096 1350 1145 equites

158 1159 306 1196 dimissi
332 1159 470 1207 passim
497 1159 739 1208 imperabant
754 1174 764 1206 3
794 1174 883 1196 mox
906 1160 1131 1197 Hasdrubal
1162 1161 1242 1209 ipse
1261 1173 1348 1197 cum

157 1223 262 1259 omni
296 1223 468 1259 exercitu
499 1223 641 1269 aderat,
676 1224 856 1272 varioque
887 1225 1017 1261 onmia
1046 1225 1219 1261 tumultu
1257 1228 1348 1261 stre-

158 1292 268 1335 punt,
283 1287 485 1323 ruentibus
504 1287 546 1322 in
565 1300 682 1323 navos
702 1288 816 1323 simul
839 1288 1046 1336 remigibus
1066 1289 1344 1337 militibusque,

157 1351 388 1400 fugientium
419 1351 539 1399 magis
568 1364 587 1387 e
617 1356 720 1387 terra
749 1365 863 1400 quam
897 1353 938 1388 in
971 1366 1137 1402 pugnam
1171 1353 1345 1390 euntium

123 1442 138 1454 ς,
156 1417 277 1453 modo.
339 1416 514 1452 Vixdum
535 1429 666 1453 omnes
690 1417 1002 1464 conscenderant,
1024 1431 1144 1466 quum
1164 1418 1230 1454 alii
1250 1431 1348 1456 reso-

156 1480 248 1516 lutis
274 1480 349 1517 oris
379 1480 418 1516 in
447 1492 603 1517 ancoras
636 1481 866 1528 evehuntur,
897 1481 974 1528 alii,
1005 1494 1053 1518 ne
1082 1481 1176 1531 quid
1204 1485 1344 1528 teneat,

155 1545 347 1581 ancoralia
376 1545 553 1581 incidunt
568 1558 578 1591 3
619 1545 838 1594 raptimque
868 1546 998 1582 onmia
1031 1559 1074 1582 ac
1108 1559 1346 1596 praepropere

156 1610 311 1658 agendo,
344 1609 510 1645 militum
542 1614 730 1658 apparatu
761 1611 917 1646 nautica
947 1610 1161 1647 ministeria
1188 1611 1346 1660 impedi-

157 1677 286 1719 untur,
317 1673 573 1721 trepidatione
605 1678 813 1709 nautarum
843 1685 976 1722 capere
1007 1677 1046 1709 et
1074 1678 1206 1723 aptare
1239 1686 1346 1710 arma

154 1738 263 1774 miles
295 1738 529 1786 prohibetur.
603 1738 656 1774 Et
687 1738 764 1774 iam
799 1738 999 1774 Romanus
1034 1751 1110 1774 non
1143 1739 1345 1788 appropin-

155 1803 298 1851 quabat
328 1803 449 1847 modo,
480 1803 545 1839 sed
574 1803 769 1839 direxerat
797 1803 914 1839 etiam
944 1803 985 1838 in
1013 1815 1182 1852 pugnam
1211 1815 1344 1840 naves.

154 1867 293 1916 Itaque
306 1881 382 1903 non
398 1868 446 1903 ab
462 1867 570 1904 hoste
591 1871 629 1904 et
649 1867 783 1916 proelio
796 1867 916 1916 magis
935 1867 1046 1904 Poeni
1066 1879 1180 1916 quam
1197 1871 1346 1904 suomet

153 1932 225 1981 ipsi
244 1932 419 1968 tumultu
441 1932 599 1978 turbati,
622 1935 774 1968 tentata
792 1931 922 1968 verius
948 1944 1078 1981 pugna
1097 1944 1211 1980 quam
1233 1931 1343 1978 inita,

121 2021 133 2035 2
153 1996 194 2032 in
223 1996 354 2045 fugam
383 2000 609 2033 averterunt
638 1997 807 2042 classem,
830 2000 868 2033 et
894 2009 1016 2045 quum
1041 1996 1193 2033 adversi
1221 1995 1346 2033 amnis

154 2074 194 2097 os
221 2061 300 2096 lato
329 2061 474 2109 agmini
500 2065 539 2097 et
565 2064 646 2097 tam
667 2060 799 2097 multis
828 2060 944 2097 simul
966 2060 1214 2097 venientibus
1241 2060 1344 2097 haud

153 2137 243 2161 sane
263 2125 445 2161 intrabile
457 2129 565 2172 esset,
584 2125 625 2161 in
646 2125 740 2161 litus
755 2126 895 2174 passim
911 2138 1029 2162 naves
1041 2129 1214 2175 egerunt,
1229 2129 1345 2175 atque

153 2189 219 2225 alii
240 2190 357 2235 vadis,
379 2189 446 2226 alii
472 2190 569 2226 sicco
594 2190 707 2226 litore
732 2191 895 2239 excepti,
921 2191 1061 2239 partim
1091 2189 1241 2236 armati,
1262 2203 1346 2240 par—

154 2253 223 2289 tim
245 2253 408 2291 inermes
427 2254 475 2290 ad
494 2254 723 2291 instructam
744 2268 812 2304 per
831 2254 925 2292 litus
945 2255 1065 2292 aciem
1084 2267 1242 2292 suorum
1261 2267 1344 2304 per-
