1403 2438
537 140 705 177 LIBER
743 139 860 178 XXI.
1263 138 1286 175 3

97 238 251 290 imperii
287 242 386 276 esset
421 240 546 276 amnis
583 239 768 285 Hiberus,
809 237 1111 288 Saguntinisque
1150 236 1287 274 mediis

98 304 202 341 inter
221 303 383 353 imperia
402 304 568 340 duorum
586 304 815 353 populorum
836 304 993 340 libertas
1019 306 1247 339 servaretur.

178 367 229 405 In
261 368 523 405 Hasdrubalis
556 367 681 405 locum
710 368 812 404 haud
842 367 960 404 dubia
987 379 1047 404 res
1075 367 1161 414 fuit,
1191 365 1286 415 quin
1305 368 1328 405 3

98 434 353 482 praerogativa
377 432 569 478 militaris,
591 444 668 481 qua
687 432 882 481 extemplo
910 431 1063 468 iuvenis
1082 430 1286 467 Hannibal

98 496 141 533 in
167 496 390 546 praetorium
421 496 571 546 delatus
608 497 894 546 imperatorque
926 496 1078 544 ingenti
1111 495 1286 532 omnium

98 561 262 598 clamore
280 564 398 610 atque
417 573 573 597 assensu
593 561 810 610 appellatus
830 564 923 607 emt,
946 560 969 583 θ’·
990 560 1013 583 5‘·
1040 560 1150 596 favor
1164 559 1287 610 plebis

97 625 338 674 sequebatur.
381 624 502 662 Hunc
517 625 679 662 vixdum
695 626 879 674 puberem
896 625 996 662 Has·
1022 650 1286 676 andwassucceeded

97 688 237 726 drubal
262 689 406 726 litteris
431 690 480 726 ad
502 702 542 726 se
570 690 806 735 accersierat,
834 693 994 739 actaque
1022 682 1287 737 ¹1’1Va„²,¹1¹i{³,31³{,‘.’1¹,¹g'1¹,2¹<}

97 765 158 790 res
180 753 299 790 etiam
324 752 367 790 in
387 757 524 790 senatu
549 753 684 791 fuerat.
743 753 920 790 Barcinis
938 753 995 790 ni-
1021 743 1116 768 serven
1127 742 1286 767 undenum.

98 817 283 864 tentibus,
303 821 348 854 ut
372 822 608 855 assuesceret
633 818 784 855 militiae
804 818 1007 855 Hannibal
1026 822 1144 869 atque
1162 819 1204 856 in
1224 832 1286 869 pa-

97 885 237 918 ternas·
252 882 470 919 succederet
495 895 594 931 opes
618 882 775 928 Hanno,
797 882 957 920 alterius
982 883 1162 920 factionis
1181 883 1282 933 prin-
1304 900 1319 924 3

97 958 194 995 ceps,
209 945 293 982 “Et
305 959 455 995 aequmn
470 947 664 995 postulare
676 947 857 984 videtur''
870 947 1000 996 inquit
1015 951 1037 969 “
1045 948 1282 994 Hasdrubal,

96 1014 136 1046 et
165 1022 235 1059 ego
266 1013 398 1046 tamen
430 1023 509 1047 non
537 1023 682 1057 censeo,
715 1011 818 1060 quod
850 1011 960 1060 petit,
996 1011 1283 1050 tribuendum.’'

97 1073 226 1118 Quum
242 1074 498 1112 admiratione
515 1079 595 1111 tam
609 1075 790 1124 ancipitis
810 1075 1012 1112 sententiae
1031 1075 1072 1112 in
1093 1088 1133 1113 se
1152 1089 1283 1113 omnes
1301 1097 1316 1120 4

95 1139 358 1186 convertisset,
399 1139 591 1176 “Florem
636 1139 794 1176 aetatis'’
833 1140 966 1190 inquit
1009 1143 1032 1161 “
1046 1140 1282 1185 Hasdrubal,

96 1215 210 1252 quem
238 1203 320 1252 ipsc
349 1203 454 1252 patri
474 1203 712 1241 Hannibalis
731 1204 948 1247 ‚fruendum
973 1205 1150 1254 praebuit,
1181 1205 1283 1242 iusto

95 1267 180 1304 iure
202 1280 291 1304 eum
311 1280 333 1304 a
353 1268 432 1305 filio
455 1268 578 1318 repeti
604 1272 733 1305 censet
746 1283 756 1316 3
785 1281 854 1305 nos
879 1272 1011 1305 tamen
1035 1269 1196 1306 minime
1224 1270 1284 1306 de-

1304 625 1319 641 2

96 1335 157 1368 cet
180 1331 427 1369 iuventutem
450 1337 622 1368 nostram
646 1345 715 1382 pro
739 1333 899 1369 militari
918 1333 1138 1370 rudimento
1161 1346 1282 1370 assue

95 1395 219 1432 facere
247 1396 404 1432 libidini
434 1400 650 1445 praetorum.
707 1397 777 1433 An
801 1397 872 1434 hoc
899 1397 1092 1445 timemus,
1123 1410 1172 1435 ne
1203 1398 1282 1434 Ha·
1301 1415 1316 1439 ⁵

96 1459 264 1497 milcaris
293 1460 396 1497 filius
421 1460 539 1498 nimis
567 1474 650 1498 sero
677 1461 840 1510 imperia
871 1462 1076 1499 immodica
1104 1467 1144 1500 et
1173 1464 1284 1513 regni

97 1524 250 1573 paterni
277 1524 443 1574 speciem
461 1525 604 1571 videat,
629 1528 679 1572 et,
707 1526 816 1562 cuius
841 1527 941 1575 regis
968 1539 1108 1576 genero
1136 1527 1283 1564 heredi-

96 1587 188 1638 tarii
216 1587 296 1625 sint
318 1588 445 1625 relicti
467 1589 660 1626 exercitus
686 1589 818 1637 nostri,
840 1590 922 1627 eius
947 1591 1026 1627 filio
1049 1604 1186 1640 parum
1206 1605 1281 1629 mae

95 1655 183 1689 ture
211 1652 451 1690 serviamus‘l
507 1653 590 1702 Ego
608 1653 727 1690 istum
747 1654 928 1691 iuvenem
947 1655 1051 1726 domi
1071 1656 1280 1693 tenendum
1299 1670 1315 1694 6

95 1717 168 1753 sub
187 1716 346 1766 legibus,
367 1717 439 1754 sub
465 1718 768 1766 magistratibus,
790 1718 1004 1756 docendum
1022 1721 1154 1757 vivere
1173 1733 1281 1770 aequo

94 1779 180 1817 iure
198 1793 286 1818 cum
306 1781 442 1818 ceteris
460 1794 606 1829 censeo,
623 1795 672 1819 ne
691 1783 921 1833 quandoque
938 1797 1082 1833 parvus
1100 1785 1163 1821 hic
1181 1786 1282 1835 ignis

95 1843 317 1882 incendium
341 1845 478 1895 ingens
505 1847 751 1884 exsuscitet?
809 1847 942 1896 Pauci,
969 1861 1012 1885 ac
1040 1849 1159 1886 ferme
1185 1851 1280 1899 opti·
1297 1851 1323 1887 4

95 1921 182 1946 mus
200 1909 373 1959 quisque,
391 1910 582 1948 Hannoni
601 1902 912 1949 assentiebantur
920 1925 932 1960 ,¹
952 1913 1028 1959 sed,
1050 1917 1096 1949 ut
1115 1913 1281 1963 plerum-
1307 1915 1312 1923 '

95 1985 170 2022 que
187 1973 244 2019 fit,
265 1974 386 2011 maior
404 1987 492 2023 pars
511 1975 710 2024 meliorem
729 1976 835 2014 vicit.

174 2037 321 2075 Missus
346 2038 548 2076 Hannibal
574 2040 616 2076 in
640 2039 876 2090 Hispaniam
903 2041 1027 2090 primo
1055 2042 1190 2079 statim
1217 2043 1279 2080 ad-

94 2104 215 2138 ventu
241 2100 392 2139 omnem
415 2103 627 2140 exercitum
653 2104 696 2140 in
715 2117 753 2141 se
773 2105 964 2142 convertit
975 2119 987 2154 3
1014 2119 1185 2182 ¹132&ssss
1186 2127 1279 2176 &5³23

95 2165 358 2203 Hamilcarem
382 2167 564 2204 iuvenem
594 2168 790 2204 redditum
819 2168 894 2205 sibi
925 2181 988 2206 ve-
1015 2182 1063 2205 ter.
1297 2188 1312 2206 2

95 2233 194 2267 teres
204 2222 350 2278 milites
365 2231 518 2268 credere
527 2244 538 2279 3
560 2232 725 2286 eundem
739 2233 911 2282 vigorem
929 2232 971 2270 in
985 2234 1101 2271 vultu
1120 2233 1278 2284 vimque

1055 2310 1166 2350 1--2
