<?xml version="1.0" encoding="UTF-8"?>
<!DOCTYPE html PUBLIC "-//W3C//DTD XHTML 1.0 Transitional//EN"
    "http://www.w3.org/TR/xhtml1/DTD/xhtml1-transitional.dtd">
<html xmlns="http://www.w3.org/1999/xhtml" xml:lang="en" lang="en">
 <head>
  <title>
</title>
<meta http-equiv="Content-Type" content="text/html;charset=utf-8" />
  <meta name='ocr-system' content='tesseract 3.04.00' />
  <meta name='ocr-capabilities' content='ocr_page ocr_carea ocr_par ocr_line ocrx_word'/>
</head>
<body>
  <div class='ocr_page' id='page_1' title='image "./booksxxixxiihann00livyuoft_0058.png"; bbox 0 0 1455 2454; ppageno 0'>
   <div class='ocr_carea' id='block_1_1' title="bbox 115 145 993 184">
    <p class='ocr_par' dir='ltr' id='par_1_1' title="bbox 115 145 993 184">
     <span class='ocr_line' id='line_1_1' title="bbox 115 145 993 184; baseline 0.001 -2"><span class='ocrx_word' id='word_1_1' title='bbox 115 146 230 183; x_wconf 84' lang='lat' dir='ltr'><em>xlviii</em></span> <span class='ocrx_word' id='word_1_2' title='bbox 410 145 850 184; x_wconf 75' lang='lat' dir='ltr'><em>INTRODUOTJON.</em></span> <span class='ocrx_word' id='word_1_3' title='bbox 910 145 993 183; x_wconf 93' lang='lat' dir='ltr'><em>III.</em></span> 
     </span>
    </p>
   </div>
   <div class='ocr_carea' id='block_1_2' title="bbox 108 247 1307 2241">
    <p class='ocr_par' dir='ltr' id='par_1_2' title="bbox 115 247 1304 355">
     <span class='ocr_line' id='line_1_2' title="bbox 197 247 1304 296; baseline 0.001 -12"><span class='ocrx_word' id='word_1_4' title='bbox 197 247 480 285; x_wconf 80' lang='lat' dir='ltr'>SUBJUNOTIVE.</span> <span class='ocrx_word' id='word_1_5' title='bbox 526 247 641 284; x_wconf 86' lang='lat' dir='ltr'><em>With</em></span> <span class='ocrx_word' id='word_1_6' title='bbox 656 253 700 284; x_wconf 90' lang='lat' dir='ltr'><em>ut</em></span> <span class='ocrx_word' id='word_1_7' title='bbox 719 247 818 284; x_wconf 78' lang='lat' dir='ltr'><em>after</em></span> <span class='ocrx_word' id='word_1_8' title='bbox 837 261 964 292; x_wconf 70' lang='lat' dir='ltr'><em>emsa,</em></span> <span class='ocrx_word' id='word_1_9' title='bbox 985 261 1071 285; x_wconf 87' lang='lat' dir='ltr'><em>cum</em></span> <span class='ocrx_word' id='word_1_10' title='bbox 1086 261 1136 295; x_wconf 88' lang='lat' dir='ltr'><em>eo,</em></span> <span class='ocrx_word' id='word_1_11' title='bbox 1164 261 1234 296; x_wconf 78' lang='lat' dir='ltr'><em>pro</em></span> <span class='ocrx_word' id='word_1_12' title='bbox 1253 260 1304 292; x_wconf 84' lang='lat' dir='ltr'><em>eo,</em></span> 
     </span>
     <span class='ocr_line' id='line_1_3' title="bbox 115 318 230 355; baseline 0.009 -1"><span class='ocrx_word' id='word_1_13' title='bbox 115 318 162 355; x_wconf 86' lang='lat' dir='ltr'><em>ab</em></span> <span class='ocrx_word' id='word_1_14' title='bbox 181 331 230 355; x_wconf 89' lang='lat' dir='ltr'><em>eo.</em></span> 
     </span>
    </p>

    <p class='ocr_par' dir='ltr' id='par_1_3' title="bbox 115 385 1304 632">
     <span class='ocr_line' id='line_1_4' title="bbox 197 385 1304 435; baseline -0.001 -12"><span class='ocrx_word' id='word_1_15' title='bbox 197 386 449 423; x_wconf 77' lang='lat' dir='ltr'>GERUNDIVE.</span> <span class='ocrx_word' id='word_1_16' title='bbox 482 386 721 435; x_wconf 76' lang='lat' dir='ltr'><strong>Frequently</strong></span> <span class='ocrx_word' id='word_1_17' title='bbox 735 386 831 423; x_wconf 82' lang='lat' dir='ltr'><strong>used</strong></span> <span class='ocrx_word' id='word_1_18' title='bbox 850 386 892 422; x_wconf 92' lang='lat' dir='ltr'><em>in</em></span> <span class='ocrx_word' id='word_1_19' title='bbox 907 385 981 424; x_wconf 82' lang='lat' dir='ltr'><em>abl.</em></span> <span class='ocrx_word' id='word_1_20' title='bbox 1004 385 1081 422; x_wconf 85' lang='lat' dir='ltr'><em>abs.</em></span> <span class='ocrx_word' id='word_1_21' title='bbox 1104 398 1148 422; x_wconf 89' lang='lat' dir='ltr'><em>or</em></span> <span class='ocrx_word' id='word_1_22' title='bbox 1161 386 1304 422; x_wconf 76' lang='lat' dir='ltr'><em>instru-</em></span> 
     </span>
     <span class='ocr_line' id='line_1_5' title="bbox 116 454 1304 505; baseline -0.001 -13"><span class='ocrx_word' id='word_1_23' title='bbox 116 456 261 493; x_wconf 84' lang='lat' dir='ltr'><em>mental</em></span> <span class='ocrx_word' id='word_1_24' title='bbox 281 456 355 494; x_wconf 85' lang='lat' dir='ltr'><em>abl.</em></span> <span class='ocrx_word' id='word_1_25' title='bbox 375 471 382 495; x_wconf 90' lang='lat'>:</span> <span class='ocrx_word' id='word_1_26' title='bbox 411 456 628 505; x_wconf 65' lang='lat' dir='ltr'><em>quaerendis</em></span> <span class='ocrx_word' id='word_1_27' title='bbox 647 456 905 505; x_wconf 85' lang='lat' dir='ltr'><em>pedetentium</em></span> <span class='ocrx_word' id='word_1_28' title='bbox 922 455 1032 492; x_wconf 82' lang='lat' dir='ltr'><em>vadis</em></span> <span class='ocrx_word' id='word_1_29' title='bbox 1051 467 1192 492; x_wconf 79' lang='lat' dir='ltr'><em>evasere</em></span> <span class='ocrx_word' id='word_1_30' title='bbox 1206 468 1220 503; x_wconf 88' lang='lat'><em>,·</em></span> <span class='ocrx_word' id='word_1_31' title='bbox 1249 454 1304 491; x_wconf 87' lang='lat' dir='ltr'><em>in-</em></span> 
     </span>
     <span class='ocr_line' id='line_1_6' title="bbox 116 524 1301 574; baseline 0.001 -13"><span class='ocrx_word' id='word_1_32' title='bbox 116 525 261 562; x_wconf 80' lang='lat' dir='ltr'><em>sertion</em></span> <span class='ocrx_word' id='word_1_33' title='bbox 288 525 332 562; x_wconf 89' lang='lat' dir='ltr'><em>of</em></span> <span class='ocrx_word' id='word_1_34' title='bbox 355 525 443 574; x_wconf 85' lang='lat' dir='ltr'><em>ipse,</em></span> <span class='ocrx_word' id='word_1_35' title='bbox 474 525 632 574; x_wconf 78' lang='lat' dir='ltr'><em>quisque</em></span> <span class='ocrx_word' id='word_1_36' title='bbox 660 525 702 561; x_wconf 86' lang='lat' dir='ltr'><em>in</em></span> <span class='ocrx_word' id='word_1_37' title='bbox 730 525 803 562; x_wconf 85' lang='lat' dir='ltr'>abl.</span> <span class='ocrx_word' id='word_1_38' title='bbox 829 524 987 574; x_wconf 88' lang='lat' dir='ltr'><em>gerund.</em></span> <span class='ocrx_word' id='word_1_39' title='bbox 1019 524 1186 574; x_wconf 83' lang='lat' dir='ltr'><em>phrases,</em></span> <span class='ocrx_word' id='word_1_40' title='bbox 1245 524 1301 562; x_wconf 83' lang='lat' dir='ltr'><em>Cf.</em></span> 
     </span>
     <span class='ocr_line' id='line_1_7' title="bbox 115 595 519 632; baseline 0.002 -1"><span class='ocrx_word' id='word_1_41' title='bbox 115 598 205 632; x_wconf 84' lang='lat' dir='ltr'><em>note</em></span> <span class='ocrx_word' id='word_1_42' title='bbox 225 608 276 631; x_wconf 91' lang='lat' dir='ltr'><em>on</em></span> <span class='ocrx_word' id='word_1_43' title='bbox 296 606 377 631; x_wconf 83' lang='lat' dir='ltr'>XXI.</span> <span class='ocrx_word' id='word_1_44' title='bbox 402 596 461 632; x_wconf 87' lang='lat'><em>45.</em></span> <span class='ocrx_word' id='word_1_45' title='bbox 487 595 519 632; x_wconf 86' lang='lat'><em>9.</em></span> 
     </span>
    </p>

    <p class='ocr_par' dir='ltr' id='par_1_4' title="bbox 108 663 1307 1882">
     <span class='ocr_line' id='line_1_8' title="bbox 195 663 1302 712; baseline -0.001 -12"><span class='ocrx_word' id='word_1_46' title='bbox 195 663 454 702; x_wconf 80' lang='lat' dir='ltr'>PARTICIPLE.</span> <span class='ocrx_word' id='word_1_47' title='bbox 513 664 783 700; x_wconf 81' lang='lat' dir='ltr'><em>Substantival</em></span> <span class='ocrx_word' id='word_1_48' title='bbox 802 676 870 700; x_wconf 90' lang='lat' dir='ltr'><em>use</em></span> <span class='ocrx_word' id='word_1_49' title='bbox 889 664 932 700; x_wconf 85' lang='lat' dir='ltr'><em>of</em></span> <span class='ocrx_word' id='word_1_50' title='bbox 946 666 1034 712; x_wconf 85' lang='lat' dir='ltr'><em>past</em></span> <span class='ocrx_word' id='word_1_51' title='bbox 1056 666 1154 712; x_wconf 80' lang='lat' dir='ltr'><em>part.</em></span> <span class='ocrx_word' id='word_1_52' title='bbox 1176 675 1275 711; x_wconf 80' lang='lat' dir='ltr'><em>pass.</em></span> <span class='ocrx_word' id='word_1_53' title='bbox 1294 676 1302 700; x_wconf 90' lang='lat'>:</span> 
     </span>
     <span class='ocr_line' id='line_1_9' title="bbox 116 732 1304 781; baseline -0.002 -10"><span class='ocrx_word' id='word_1_54' title='bbox 116 734 174 771; x_wconf 89' lang='lat' dir='ltr'><em>for</em></span> <span class='ocrx_word' id='word_1_55' title='bbox 200 747 251 771; x_wconf 85' lang='lat' dir='ltr'><em>an</em></span> <span class='ocrx_word' id='word_1_56' title='bbox 276 735 447 771; x_wconf 84' lang='lat' dir='ltr'><em>abstract</em></span> <span class='ocrx_word' id='word_1_57' title='bbox 473 734 607 781; x_wconf 58' lang='lat' dir='ltr'><em>subse,</em></span> <span class='ocrx_word' id='word_1_58' title='bbox 629 746 670 771; x_wconf 82' lang='lat' dir='ltr'><em>as</em></span> <span class='ocrx_word' id='word_1_59' title='bbox 695 733 832 771; x_wconf 78' lang='lat' dir='ltr'><em>Sicilia</em></span> <span class='ocrx_word' id='word_1_60' title='bbox 860 733 1014 780; x_wconf 86' lang='lat' dir='ltr'><em>amissa,</em></span> <span class='ocrx_word' id='word_1_61' title='bbox 1036 745 1080 769; x_wconf 69' lang='grc' dir='ltr'><em>θα)</em></span> <span class='ocrx_word' id='word_1_62' title='bbox 1105 732 1304 770; x_wconf 85' lang='lat' dir='ltr'><em>dictatorio</em></span> 
     </span>
     <span class='ocr_line' id='line_1_10' title="bbox 115 803 1305 852; baseline -0.001 -12"><span class='ocrx_word' id='word_1_63' title='bbox 115 804 273 852; x_wconf 87' lang='lat' dir='ltr'><em>imperio</em></span> <span class='ocrx_word' id='word_1_64' title='bbox 310 817 485 841; x_wconf 80' lang='lat' dir='ltr'><em>concusso</em></span> <span class='ocrx_word' id='word_1_65' title='bbox 498 818 515 849; x_wconf 89' lang='lat'><em>,·</em></span> <span class='ocrx_word' id='word_1_66' title='bbox 542 804 602 840; x_wconf 83' lang='lat' dir='ltr'><em>for</em></span> <span class='ocrx_word' id='word_1_67' title='bbox 633 817 656 840; x_wconf 84' lang='lat' dir='ltr'>a</span> <span class='ocrx_word' id='word_1_68' title='bbox 692 807 868 841; x_wconf 75' lang='lat' dir='ltr'>concrete</span> <span class='ocrx_word' id='word_1_69' title='bbox 905 804 1039 849; x_wconf 63' lang='lat' dir='ltr'><em>subet„</em></span> <span class='ocrx_word' id='word_1_70' title='bbox 1072 816 1112 840; x_wconf 90' lang='lat' dir='ltr'><em>as</em></span> <span class='ocrx_word' id='word_1_71' title='bbox 1144 803 1305 840; x_wconf 81' lang='lat' dir='ltr'><em>ridentis</em></span> 
     </span>
     <span class='ocr_line' id='line_1_11' title="bbox 114 871 1307 921; baseline -0.003 -11"><span class='ocrx_word' id='word_1_72' title='bbox 114 873 279 921; x_wconf 81' lang='lat' dir='ltr'><em>speeiem,</em></span> <span class='ocrx_word' id='word_1_73' title='bbox 300 872 546 921; x_wconf 71' lang='lat' dir='ltr'><em>strepentium</em></span> <span class='ocrx_word' id='word_1_74' title='bbox 562 884 747 920; x_wconf 86' lang='lat' dir='ltr'><em>pavores‚·</em></span> <span class='ocrx_word' id='word_1_75' title='bbox 775 884 816 908; x_wconf 83' lang='lat' dir='ltr'><em>as</em></span> <span class='ocrx_word' id='word_1_76' title='bbox 836 871 962 920; x_wconf 83' lang='lat' dir='ltr'><em>object</em></span> <span class='ocrx_word' id='word_1_77' title='bbox 980 875 1021 907; x_wconf 81' lang='lat' dir='ltr'><em>to</em></span> <span class='ocrx_word' id='word_1_78' title='bbox 1041 871 1108 908; x_wconf 84' lang='lat' dir='ltr'><em>the</em></span> <span class='ocrx_word' id='word_1_79' title='bbox 1127 871 1234 919; x_wconf 85' lang='lat' dir='ltr'>verb,</span> <span class='ocrx_word' id='word_1_80' title='bbox 1261 871 1307 908; x_wconf 83' lang='lat' dir='ltr'><em>id</em></span> 
     </span>
     <span class='ocr_line' id='line_1_12' title="bbox 115 939 1305 989; baseline -0.001 -12"><span class='ocrx_word' id='word_1_81' title='bbox 115 941 210 977; x_wconf 83' lang='lat' dir='ltr'><em>male</em></span> <span class='ocrx_word' id='word_1_82' title='bbox 229 940 469 977; x_wconf 86' lang='lat' dir='ltr'><em>commissum</em></span> <span class='ocrx_word' id='word_1_83' title='bbox 496 940 655 988; x_wconf 72' lang='lat' dir='ltr'><em>iynavia</em></span> <span class='ocrx_word' id='word_1_84' title='bbox 681 939 727 976; x_wconf 87' lang='lat' dir='ltr'><em>in</em></span> <span class='ocrx_word' id='word_1_85' title='bbox 755 939 894 976; x_wconf 87' lang='lat' dir='ltr'><em>bonum</em></span> <span class='ocrx_word' id='word_1_86' title='bbox 921 939 1030 976; x_wconf 80' lang='lat' dir='ltr'><em>vertit</em></span> <span class='ocrx_word' id='word_1_87' title='bbox 1041 953 1058 985; x_wconf 91' lang='lat'><em>;</em></span> <span class='ocrx_word' id='word_1_88' title='bbox 1086 952 1127 976; x_wconf 85' lang='lat' dir='ltr'><em>as</em></span> <span class='ocrx_word' id='word_1_89' title='bbox 1155 939 1305 989; x_wconf 81' lang='lat' dir='ltr'><em>subject</em></span> 
     </span>
     <span class='ocr_line' id='line_1_13' title="bbox 116 1008 1303 1058; baseline -0.001 -12"><span class='ocrx_word' id='word_1_90' title='bbox 116 1014 155 1046; x_wconf 80' lang='lat' dir='ltr'><em>to</em></span> <span class='ocrx_word' id='word_1_91' title='bbox 188 1010 254 1047; x_wconf 85' lang='lat' dir='ltr'><em>the</em></span> <span class='ocrx_word' id='word_1_92' title='bbox 287 1011 392 1056; x_wconf 84' lang='lat' dir='ltr'>verb,</span> <span class='ocrx_word' id='word_1_93' title='bbox 428 1010 498 1046; x_wconf 83' lang='lat' dir='ltr'><em>(liu</em></span> <span class='ocrx_word' id='word_1_94' title='bbox 531 1023 610 1046; x_wconf 88' lang='lat' dir='ltr'><em>non</em></span> <span class='ocrx_word' id='word_1_95' title='bbox 635 1009 861 1058; x_wconf 75' lang='lat' dir='ltr'><em>perlitatum</em></span> <span class='ocrx_word' id='word_1_96' title='bbox 897 1009 1117 1046; x_wconf 82' lang='lat' dir='ltr'><em>dictatorem</em></span> <span class='ocrx_word' id='word_1_97' title='bbox 1154 1008 1275 1046; x_wconf 85' lang='lat' dir='ltr'><em>tenuit</em></span> <span class='ocrx_word' id='word_1_98' title='bbox 1286 1022 1303 1053; x_wconf 78' lang='grc'><em>,-</em></span> 
     </span>
     <span class='ocr_line' id='line_1_14' title="bbox 114 1078 1304 1126; baseline -0.001 -11"><span class='ocrx_word' id='word_1_99' title='bbox 114 1079 288 1115; x_wconf 77' lang='lat' dir='ltr'><em>absolute</em></span> <span class='ocrx_word' id='word_1_100' title='bbox 320 1092 388 1116; x_wconf 86' lang='lat' dir='ltr'><em>use</em></span> <span class='ocrx_word' id='word_1_101' title='bbox 421 1079 461 1115; x_wconf 87' lang='lat' dir='ltr'><em>in</em></span> <span class='ocrx_word' id='word_1_102' title='bbox 496 1091 622 1116; x_wconf 77' lang='lat' dir='ltr'><em>nom:</em></span> <span class='ocrx_word' id='word_1_103' title='bbox 662 1078 873 1116; x_wconf 73' lang='lat' dir='ltr'><em>habitantes</em></span> <span class='ocrx_word' id='word_1_104' title='bbox 907 1078 1091 1126; x_wconf 68' lang='lat' dir='ltr'><em>Lilybaei:</em></span> <span class='ocrx_word' id='word_1_105' title='bbox 1130 1078 1304 1115; x_wconf 84' lang='lat' dir='ltr'><em>absolute</em></span> 
     </span>
     <span class='ocr_line' id='line_1_15' title="bbox 114 1149 1303 1198; baseline -0.001 -12"><span class='ocrx_word' id='word_1_106' title='bbox 114 1162 182 1186; x_wconf 84' lang='lat' dir='ltr'><em>use</em></span> <span class='ocrx_word' id='word_1_107' title='bbox 208 1149 251 1185; x_wconf 88' lang='lat' dir='ltr'><em>in</em></span> <span class='ocrx_word' id='word_1_108' title='bbox 278 1150 378 1187; x_wconf 84' lang='lat' dir='ltr'>ab1.:</span> <span class='ocrx_word' id='word_1_109' title='bbox 408 1149 658 1198; x_wconf 79' lang='lat' dir='ltr'><em>inexplorato,</em></span> <span class='ocrx_word' id='word_1_110' title='bbox 683 1150 810 1196; x_wconf 83' lang='lat' dir='ltr'><em>edicto,</em></span> <span class='ocrx_word' id='word_1_111' title='bbox 836 1149 1059 1198; x_wconf 81' lang='lat' dir='ltr'><em>auspicat0,·</em></span> <span class='ocrx_word' id='word_1_112' title='bbox 1086 1149 1303 1198; x_wconf 75' lang='lat' dir='ltr'><em>hypotheti-</em></span> 
     </span>
     <span class='ocr_line' id='line_1_16' title="bbox 114 1219 1300 1268; baseline 0 -12"><span class='ocrx_word' id='word_1_113' title='bbox 114 1219 236 1268; x_wconf 80' lang='lat' dir='ltr'>cally:</span> <span class='ocrx_word' id='word_1_114' title='bbox 261 1219 406 1256; x_wconf 84' lang='lat' dir='ltr'><em>invicta</em></span> <span class='ocrx_word' id='word_1_115' title='bbox 424 1219 458 1256; x_wconf 89' lang='lat' dir='ltr'><em>si</em></span> <span class='ocrx_word' id='word_1_116' title='bbox 477 1232 581 1267; x_wconf 80' lang='lat' dir='ltr'><em>oequo</em></span> <span class='ocrx_word' id='word_1_117' title='bbox 603 1219 852 1256; x_wconf 79' lang='lat' dir='ltr'><em>dimicaretur</em></span> <span class='ocrx_word' id='word_1_118' title='bbox 870 1232 1027 1267; x_wconf 86' lang='lat' dir='ltr'><em>camp0,·</em></span> <span class='ocrx_word' id='word_1_119' title='bbox 1048 1219 1180 1255; x_wconf 74' lang='lat' dir='ltr'><em>future</em></span> <span class='ocrx_word' id='word_1_120' title='bbox 1202 1222 1300 1268; x_wconf 76' lang='lat' dir='ltr'><em>part.</em></span> 
     </span>
     <span class='ocr_line' id='line_1_17' title="bbox 113 1288 1304 1338; baseline 0 -13"><span class='ocrx_word' id='word_1_121' title='bbox 113 1293 154 1325; x_wconf 80' lang='lat' dir='ltr'><em>to</em></span> <span class='ocrx_word' id='word_1_122' title='bbox 173 1301 328 1338; x_wconf 81' lang='lat' dir='ltr'>express</span> <span class='ocrx_word' id='word_1_123' title='bbox 346 1288 554 1334; x_wconf 81' lang='lat' dir='ltr'><em>intention,</em></span> <span class='ocrx_word' id='word_1_124' title='bbox 576 1301 620 1324; x_wconf 85' lang='lat' dir='ltr'><em>or</em></span> <span class='ocrx_word' id='word_1_125' title='bbox 639 1289 878 1337; x_wconf 74' lang='lat' dir='ltr'><em>assumption</em></span> <span class='ocrx_word' id='word_1_126' title='bbox 895 1302 902 1325; x_wconf 92' lang='lat'>:</span> <span class='ocrx_word' id='word_1_127' title='bbox 930 1288 988 1325; x_wconf 80' lang='lat' dir='ltr'><em>ita</em></span> <span class='ocrx_word' id='word_1_128' title='bbox 1005 1288 1304 1325; x_wconf 78' lang='lat' dir='ltr'><em>transmissurus</em></span> 
     </span>
     <span class='ocr_line' id='line_1_18' title="bbox 112 1357 1304 1408; baseline -0.001 -13"><span class='ocrx_word' id='word_1_129' title='bbox 112 1358 172 1404; x_wconf 85' lang='lat' dir='ltr'><em>si;</em></span> <span class='ocrx_word' id='word_1_130' title='bbox 203 1358 386 1395; x_wconf 82' lang='lat' dir='ltr'><em>omission</em></span> <span class='ocrx_word' id='word_1_131' title='bbox 405 1359 449 1395; x_wconf 87' lang='lat' dir='ltr'><em>of</em></span> <span class='ocrx_word' id='word_1_132' title='bbox 461 1358 674 1408; x_wconf 83' lang='lat' dir='ltr'><em>participle,</em></span> <span class='ocrx_word' id='word_1_133' title='bbox 697 1371 832 1395; x_wconf 89' lang='lat' dir='ltr'><em>cursus</em></span> <span class='ocrx_word' id='word_1_134' title='bbox 843 1371 916 1407; x_wconf 81' lang='lat' dir='ltr'><em>per</em></span> <span class='ocrx_word' id='word_1_135' title='bbox 933 1357 1072 1404; x_wconf 90' lang='lat' dir='ltr'><em>urbem,</em></span> <span class='ocrx_word' id='word_1_136' title='bbox 1088 1370 1228 1406; x_wconf 73' lang='lat' dir='ltr'><em>puyna</em></span> <span class='ocrx_word' id='word_1_137' title='bbox 1251 1358 1304 1394; x_wconf 83' lang='lat' dir='ltr'><em>ad</em></span> 
     </span>
     <span class='ocr_line' id='line_1_19' title="bbox 116 1427 1302 1476; baseline 0 -12"><span class='ocrx_word' id='word_1_138' title='bbox 116 1428 301 1475; x_wconf 79' lang='lat' dir='ltr'><em>Trebiam,</em></span> <span class='ocrx_word' id='word_1_139' title='bbox 331 1427 444 1465; x_wconf 86' lang='lat' dir='ltr'><em>rudis</em></span> <span class='ocrx_word' id='word_1_140' title='bbox 471 1429 524 1465; x_wconf 81' lang='lat' dir='ltr'><em>ad</em></span> <span class='ocrx_word' id='word_1_141' title='bbox 551 1434 675 1476; x_wconf 84' lang='lat' dir='ltr'><em>artes;</em></span> <span class='ocrx_word' id='word_1_142' title='bbox 709 1428 923 1476; x_wconf 74' lang='lat' dir='ltr'><em>asyndeton</em></span> <span class='ocrx_word' id='word_1_143' title='bbox 951 1427 994 1463; x_wconf 91' lang='lat' dir='ltr'><em>in</em></span> <span class='ocrx_word' id='word_1_144' title='bbox 1020 1439 1089 1464; x_wconf 91' lang='lat' dir='ltr'><em>use</em></span> <span class='ocrx_word' id='word_1_145' title='bbox 1116 1427 1160 1463; x_wconf 88' lang='lat' dir='ltr'><em>of</em></span> <span class='ocrx_word' id='word_1_146' title='bbox 1181 1430 1302 1476; x_wconf 58' lang='lat' dir='ltr'><em>part:</em></span> 
     </span>
     <span class='ocr_line' id='line_1_20' title="bbox 108 1497 1304 1547; baseline -0.001 -12"><span class='ocrx_word' id='word_1_147' title='bbox 108 1498 225 1547; x_wconf 83' lang='lat' dir='ltr'><em>pulsa</em></span> <span class='ocrx_word' id='word_1_148' title='bbox 246 1498 352 1547; x_wconf 80' lang='lat' dir='ltr'><em>plebs</em></span> <span class='ocrx_word' id='word_1_149' title='bbox 380 1504 533 1536; x_wconf 69' lang='lat' dir='ltr'><em>ast-mata</em></span> <span class='ocrx_word' id='word_1_150' title='bbox 554 1497 726 1547; x_wconf 75' lang='lat' dir='ltr'><em>profecta</em></span> <span class='ocrx_word' id='word_1_151' title='bbox 737 1512 753 1543; x_wconf 89' lang='lat'><em>,·</em></span> <span class='ocrx_word' id='word_1_152' title='bbox 781 1499 823 1535; x_wconf 91' lang='lat' dir='ltr'><em>in</em></span> <span class='ocrx_word' id='word_1_153' title='bbox 849 1497 1110 1545; x_wconf 80' lang='lat' dir='ltr'><em>comparative</em></span> <span class='ocrx_word' id='word_1_154' title='bbox 1138 1498 1215 1535; x_wconf 86' lang='lat' dir='ltr'><em>and</em></span> <span class='ocrx_word' id='word_1_155' title='bbox 1245 1511 1304 1535; x_wconf 86' lang='lat' dir='ltr'><em>su-</em></span> 
     </span>
     <span class='ocr_line' id='line_1_21' title="bbox 112 1567 1302 1617; baseline 0.001 -14"><span class='ocrx_word' id='word_1_156' title='bbox 112 1567 208 1617; x_wconf 88' lang='lat' dir='ltr'><em>perl.</em></span> <span class='ocrx_word' id='word_1_157' title='bbox 248 1568 391 1605; x_wconf 86' lang='lat' dir='ltr'><em>forms:</em></span> <span class='ocrx_word' id='word_1_158' title='bbox 429 1567 677 1617; x_wconf 83' lang='lat' dir='ltr'><em>conjunctius,</em></span> <span class='ocrx_word' id='word_1_159' title='bbox 717 1567 944 1616; x_wconf 83' lang='lat' dir='ltr'><em>conspectior</em></span> <span class='ocrx_word' id='word_1_160' title='bbox 956 1581 972 1613; x_wconf 89' lang='lat'><em>,·</em></span> <span class='ocrx_word' id='word_1_161' title='bbox 1020 1567 1148 1604; x_wconf 84' lang='lat' dir='ltr'>Greek</span> <span class='ocrx_word' id='word_1_162' title='bbox 1184 1568 1302 1605; x_wconf 91' lang='lat' dir='ltr'><em>idiom</em></span> 
     </span>
     <span class='ocr_line' id='line_1_22' title="bbox 113 1636 1304 1685; baseline 0.001 -12"><span class='ocrx_word' id='word_1_163' title='bbox 113 1636 209 1673; x_wconf 86' lang='lat' dir='ltr'><em>with</em></span> <span class='ocrx_word' id='word_1_164' title='bbox 232 1636 334 1684; x_wconf 87' lang='lat' dir='ltr'><em>fallo</em></span> <span class='ocrx_word' id='word_1_165' title='bbox 349 1652 361 1675; x_wconf 92' lang='lat'><em>.·</em></span> <span class='ocrx_word' id='word_1_166' title='bbox 391 1636 560 1685; x_wconf 84' lang='lat' dir='ltr'><em>fefellere</em></span> <span class='ocrx_word' id='word_1_167' title='bbox 591 1637 771 1674; x_wconf 84' lang='lat' dir='ltr'><em>instructi</em></span> <span class='ocrx_word' id='word_1_168' title='bbox 785 1651 801 1681; x_wconf 89' lang='lat'><em>,·</em></span> <span class='ocrx_word' id='word_1_169' title='bbox 843 1637 948 1685; x_wconf 85' lang='lat' dir='ltr'><em>large</em></span> <span class='ocrx_word' id='word_1_170' title='bbox 981 1637 1146 1674; x_wconf 86' lang='lat' dir='ltr'><em>number</em></span> <span class='ocrx_word' id='word_1_171' title='bbox 1177 1637 1221 1674; x_wconf 91' lang='lat' dir='ltr'><em>of</em></span> <span class='ocrx_word' id='word_1_172' title='bbox 1244 1637 1304 1674; x_wconf 90' lang='lat' dir='ltr'><em>de-</em></span> 
     </span>
     <span class='ocr_line' id='line_1_23' title="bbox 111 1706 1305 1755; baseline 0 -12"><span class='ocrx_word' id='word_1_173' title='bbox 111 1710 258 1755; x_wconf 83' lang='lat' dir='ltr'><em>ponent</em></span> <span class='ocrx_word' id='word_1_174' title='bbox 275 1710 373 1755; x_wconf 84' lang='lat' dir='ltr'><em>part.</em></span> <span class='ocrx_word' id='word_1_175' title='bbox 395 1707 438 1743; x_wconf 92' lang='lat' dir='ltr'><em>in</em></span> <span class='ocrx_word' id='word_1_176' title='bbox 456 1706 609 1755; x_wconf 87' lang='lat' dir='ltr'><em>passive</em></span> <span class='ocrx_word' id='word_1_177' title='bbox 624 1719 734 1743; x_wconf 86' lang='lat' dir='ltr'><em>sense</em></span> <span class='ocrx_word' id='word_1_178' title='bbox 750 1721 757 1745; x_wconf 91' lang='lat'>:</span> <span class='ocrx_word' id='word_1_179' title='bbox 771 1712 921 1755; x_wconf 87' lang='lat' dir='ltr'><em>paetus,</em></span> <span class='ocrx_word' id='word_1_180' title='bbox 942 1719 1111 1744; x_wconf 84' lang='lat' dir='ltr'><em>emensus</em></span> <span class='ocrx_word' id='word_1_181' title='bbox 1122 1720 1141 1752; x_wconf 89' lang='lat'><em>,·</em></span> <span class='ocrx_word' id='word_1_182' title='bbox 1166 1710 1305 1744; x_wconf 79' lang='lat' dir='ltr'><em>neuter</em></span> 
     </span>
     <span class='ocr_line' id='line_1_24' title="bbox 110 1775 1303 1825; baseline 0 -13"><span class='ocrx_word' id='word_1_183' title='bbox 110 1776 222 1812; x_wconf 85' lang='lat' dir='ltr'><em>verbs</em></span> <span class='ocrx_word' id='word_1_184' title='bbox 250 1775 525 1825; x_wconf 81' lang='lat' dir='ltr'><em>impersonally</em></span> <span class='ocrx_word' id='word_1_185' title='bbox 551 1775 594 1812; x_wconf 87' lang='lat' dir='ltr'><em>in</em></span> <span class='ocrx_word' id='word_1_186' title='bbox 621 1779 720 1825; x_wconf 85' lang='lat' dir='ltr'><em>part.</em></span> <span class='ocrx_word' id='word_1_187' title='bbox 750 1788 847 1825; x_wconf 75' lang='lat' dir='ltr'><em>pass,</em></span> <span class='ocrx_word' id='word_1_188' title='bbox 867 1789 874 1814; x_wconf 91' lang='lat'><strong>:</strong></span> <span class='ocrx_word' id='word_1_189' title='bbox 902 1789 1129 1814; x_wconf 70' lang='lat' dir='ltr'><em>concursum</em></span> <span class='ocrx_word' id='word_1_190' title='bbox 1155 1781 1217 1823; x_wconf 80' lang='lat' dir='ltr'><em>est,</em></span> <span class='ocrx_word' id='word_1_191' title='bbox 1248 1781 1303 1812; x_wconf 82' lang='lat' dir='ltr'><em>tu-</em></span> 
     </span>
     <span class='ocr_line' id='line_1_25' title="bbox 111 1845 353 1882; baseline 0.004 -1"><span class='ocrx_word' id='word_1_192' title='bbox 111 1845 353 1882; x_wconf 88' lang='lat' dir='ltr'><em>multuatum.</em></span> 
     </span>
    </p>

    <p class='ocr_par' dir='ltr' id='par_1_5' title="bbox 110 1913 1305 2102">
     <span class='ocr_line' id='line_1_26' title="bbox 191 1913 1304 1964; baseline 0.002 -14"><span class='ocrx_word' id='word_1_193' title='bbox 191 1913 419 1952; x_wconf 80' lang='lat' dir='ltr'><strong>PLEONASM.</strong></span> <span class='ocrx_word' id='word_1_194' title='bbox 480 1914 536 1951; x_wconf 88' lang='lat' dir='ltr'><em>Of</em></span> <span class='ocrx_word' id='word_1_195' title='bbox 563 1914 744 1964; x_wconf 71' lang='lat' dir='ltr'><em>frequent</em></span> <span class='ocrx_word' id='word_1_196' title='bbox 781 1927 1033 1954; x_wconf 77' lang='lat' dir='ltr'><em>occurrence:</em></span> <span class='ocrx_word' id='word_1_197' title='bbox 1065 1914 1178 1963; x_wconf 72' lang='lat' dir='ltr'><em>leqati</em></span> <span class='ocrx_word' id='word_1_198' title='bbox 1205 1920 1304 1952; x_wconf 87' lang='lat' dir='ltr'><em>retro</em></span> 
     </span>
     <span class='ocr_line' id='line_1_27' title="bbox 111 1984 1305 2031; baseline 0 -10"><span class='ocrx_word' id='word_1_199' title='bbox 111 1985 269 2021; x_wconf 80' lang='lat' dir='ltr'><em>domum</em></span> <span class='ocrx_word' id='word_1_200' title='bbox 304 1984 408 2022; x_wconf 83' lang='lat' dir='ltr'><em>unde</em></span> <span class='ocrx_word' id='word_1_201' title='bbox 451 1990 631 2022; x_wconf 79' lang='lat' dir='ltr'><em>venerant</em></span> <span class='ocrx_word' id='word_1_202' title='bbox 680 1984 886 2031; x_wconf 80' lang='lat' dir='ltr'><em>redierunt,</em></span> <span class='ocrx_word' id='word_1_203' title='bbox 925 1997 1045 2021; x_wconf 81' lang='lat' dir='ltr'><em>novus</em></span> <span class='ocrx_word' id='word_1_204' title='bbox 1085 1997 1224 2021; x_wconf 74' lang='lat' dir='ltr'><em>rursus</em></span> <span class='ocrx_word' id='word_1_205' title='bbox 1260 1984 1305 2021; x_wconf 85' lang='lat' dir='ltr'><em>de</em></span> 
     </span>
     <span class='ocr_line' id='line_1_28' title="bbox 110 2054 784 2102; baseline 0 -12"><span class='ocrx_word' id='word_1_206' title='bbox 110 2054 255 2102; x_wconf 71' lang='lat' dir='ltr'><em>inteyro</em></span> <span class='ocrx_word' id='word_1_207' title='bbox 274 2054 388 2101; x_wconf 85' lang='lat' dir='ltr'><em>labor,</em></span> <span class='ocrx_word' id='word_1_208' title='bbox 411 2059 496 2091; x_wconf 85' lang='lat' dir='ltr'><em>ante</em></span> <span class='ocrx_word' id='word_1_209' title='bbox 508 2066 784 2102; x_wconf 74' lang='lat' dir='ltr'><em>praeoccupare.</em></span> 
     </span>
    </p>

    <p class='ocr_par' dir='ltr' id='par_1_6' title="bbox 111 2122 1304 2241">
     <span class='ocr_line' id='line_1_29' title="bbox 192 2122 1301 2171; baseline 0 -11"><span class='ocrx_word' id='word_1_210' title='bbox 192 2124 480 2162; x_wconf 77' lang='lat' dir='ltr'>BRACHYLOGY.</span> <span class='ocrx_word' id='word_1_211' title='bbox 526 2123 607 2169; x_wconf 78' lang='lat' dir='ltr'><em>Quo</em></span> <span class='ocrx_word' id='word_1_212' title='bbox 629 2123 683 2160; x_wconf 83' lang='lat' dir='ltr'><em>ad</em></span> <span class='ocrx_word' id='word_1_213' title='bbox 699 2123 995 2160; x_wconf 81' lang='lat' dir='ltr'><em>conveniendum</em></span> <span class='ocrx_word' id='word_1_214' title='bbox 1009 2122 1110 2160; x_wconf 83' lang='lat' dir='ltr'><em>diem</em></span> <span class='ocrx_word' id='word_1_215' title='bbox 1124 2124 1301 2171; x_wconf 73' lang='lat' dir='ltr'><em>ediocerat,</em></span> 
     </span>
     <span class='ocr_line' id='line_1_30' title="bbox 111 2191 1304 2241; baseline 0.001 -12"><span class='ocrx_word' id='word_1_216' title='bbox 111 2192 291 2240; x_wconf 79' lang='lat' dir='ltr'><em>aclficlem</em></span> <span class='ocrx_word' id='word_1_217' title='bbox 305 2193 584 2241; x_wconf 84' lang='lat' dir='ltr'><em>promissorum</em></span> <span class='ocrx_word' id='word_1_218' title='bbox 603 2191 745 2229; x_wconf 80' lang='lat' dir='ltr'><em>obsides</em></span> <span class='ocrx_word' id='word_1_219' title='bbox 763 2191 940 2240; x_wconf 84' lang='lat' dir='ltr'><em>accipere,</em></span> <span class='ocrx_word' id='word_1_220' title='bbox 963 2197 1114 2229; x_wconf 80' lang='lat' dir='ltr'><em>neutros</em></span> <span class='ocrx_word' id='word_1_221' title='bbox 1129 2205 1304 2241; x_wconf 70' lang='lat' dir='ltr'><em>puqnafm</em></span> 
     </span>
    </p>
   </div>
  </div>
 </body>
</html>
