1403 2438
514 135 572 172 LI
576 135 647 172 ΒΕ
650 135 682 172 R
719 133 838 172 XXI.
1222 135 1235 170 1
1247 134 1268 171 7

83 234 189 272 velut
207 234 240 271 si
258 233 334 270 iam
356 233 405 270 ad
427 236 557 282 portas
577 233 697 270 hostis
715 236 827 279 esset,
847 237 890 269 ut
919 235 976 269 tot
1001 245 1078 269 uno
1098 236 1269 281 tempore

80 288 250 336 motibus
268 297 389 334 animi
415 298 562 334 turbati
585 297 826 346 trepidarent
848 297 970 345 magis
995 309 1112 346 quam
1137 309 1269 333 consu·

80 362 223 401 lerent:
252 375 342 399 nam
371 374 496 411 neque
523 361 672 398 hostem
702 362 886 397 acriorem
915 361 1269 410 bellicosioremque
1288 373 1302 398 3

80 438 209 464 secum
237 437 493 474 congressum,
523 436 593 460 nec
622 437 702 460 rem
737 424 955 459 Romanam
988 428 1068 459 tam
1100 424 1270 460 desidem

80 502 254 540 unquam
272 489 390 526 fuisse
413 492 530 538 atque
559 487 762 525 imbellem.
823 486 962 524 Sardos
991 486 1204 536 Corsosque
1231 491 1271 524 et
1288 499 1302 521 4

81 553 241 591 Histros
259 556 376 602 atque
395 552 553 600 Illyrios
573 551 765 588 lacessisse
785 550 907 600 magis
925 563 1042 600 quam
1057 552 1271 588 exercuisse

81 617 259 656 Romana
295 629 410 662 arma,
450 620 490 653 et
526 628 613 652 cum
645 615 770 653 Gallis
815 615 1101 652 tumultuatum
1142 615 1270 652 verius

81 695 199 732 quam
217 681 487 731 belligeratum
497 693 508 728 3
538 680 701 717 Poenum
722 679 873 716 hostem
892 683 1132 725 veteranum,
1148 679 1268 716 trium
1290 691 1304 715 s

82 752 124 784 et
150 746 293 796 viginti
320 758 511 783 annorum
539 745 681 781 militia
709 744 913 781 durissima
940 743 1046 780 inter
1072 743 1271 793 Hispanas

81 815 216 861 gentes
245 822 395 859 semper
419 809 615 855 victorem,
646 808 736 845 duci
763 808 948 845 acerrimo
976 811 1183 854 assuetum,
1214 819 1271 844 re-

85 879 236 913 centem
255 875 304 911 ab
319 874 467 911 excidio
487 873 787 923 opulentissimae
802 873 920 919 urbis,
937 872 1133 910 Hiberum
1150 877 1273 909 trans-

85 940 142 977 ire
151 953 163 987 5
192 939 346 976 trahere
374 951 502 976 secum
531 942 590 975 tot
617 938 763 975 excitos
793 937 1061 986 Hispanorum
1088 936 1250 986 populos
1259 950 1270 984 3

85 1004 328 1042 conciturum
353 1003 485 1040 avidas
517 1014 668 1050 semper
699 1014 894 1038 armorum
925 1001 1093 1038 Gallicas
1120 1006 1253 1050 gentes
1261 1014 1272 1048 3
1291 1021 1307 1045 5

84 1081 172 1106 cum
190 1068 282 1105 orbe
299 1071 492 1104 terrarum
511 1066 656 1103 bellum
674 1066 888 1115 gerendum
913 1066 956 1102 in
985 1065 1105 1102 Italia
1133 1078 1176 1103 ac
1203 1078 1273 1115 pro

85 1133 275 1172 moenibus
294 1132 482 1170 Romanis
501 1144 593 1169 esse.
859 1148 895 1153 w

144 1197 389 1247 ‘Nominatae
417 1197 495 1233 iam
522 1200 637 1233 antea
662 1196 883 1233 consulibus
911 1195 1118 1245 provinciae
1139 1198 1250 1232 erant
1259 1208 1270 1243 3
1294 1202 1342 1240 17

86 1266 169 1299 tum
182 1261 314 1299 sortiri
325 1261 430 1298 iussi.
463 1261 642 1298 Cornelio
660 1260 863 1310 Hispania,
878 1260 982 1297 Sem·
1009 1276 1101 1311 Leyies
1113 1275 1166 1300 and
1180 1283 1274 1307 prepa-

86 1325 221 1377 pronio
240 1325 377 1362 Africa
395 1337 482 1361 cum
502 1324 633 1362 Sicilia
652 1325 794 1362 evenit.
853 1324 930 1361 Sex
942 1325 984 1361 in
1010 1311 1081 1361 3221)
1084 1314 1114 1332 us
1151 1307 1192 1331 sor
1228 1308 1274 1332 ωε
1293 1348 1308 1365 2

87 1403 176 1428 eum
195 1402 342 1426 annum
361 1389 522 1426 decretae
542 1389 711 1436 legiones
730 1392 770 1425 et
794 1389 949 1434 socium,
972 1394 1162 1439 quantum
1181 1391 1275 1441 ipsis

87 1454 297 1500 videretur,
319 1457 359 1489 et
386 1453 526 1498 classis,
556 1457 702 1501 quanta
729 1453 855 1502 parari
884 1459 1021 1502 posset.
1082 1455 1276 1499 Quattuor
1295 1474 1309 1497 3

89 1522 130 1557 et
147 1517 287 1568 viginti
306 1518 480 1567 peditum
500 1517 766 1554 Romanorum
790 1518 914 1555 millia
939 1520 1081 1568 scripta
1106 1524 1145 1556 et
1169 1520 1276 1556 mille

89 1582 300 1632 octingenti
335 1582 495 1631 equites,
523 1582 711 1618 sociorum
740 1582 999 1632 quadraginta
1026 1584 1148 1621 millia
1173 1585 1276 1634 pedi-

90 1651 186 1694 tum,
217 1649 402 1695 quattuor
430 1645 555 1683 millia
584 1650 623 1683 et
648 1647 924 1696 quadringenti
952 1649 1102 1697 equites
1110 1662 1120 1696 5
1152 1662 1271 1686 naves

90 1711 265 1749 ducentae
305 1710 446 1759 viginti
496 1711 806 1760 quinqueremes,
851 1712 994 1749 celoces
1040 1713 1182 1762 viginti
1216 1714 1276 1751 de-

92 1775 209 1813 ducti.
280 1774 425 1812 Latum
468 1775 556 1812 inde
605 1776 654 1812 ad
689 1777 888 1826 populum,
917 1778 1066 1815 vellent
1096 1779 1276 1815 iuberent
1296 1797 1310 1820 4

90 1839 231 1890 populo
269 1839 582 1888 Carthaginiensi
620 1841 763 1877 bellum
803 1841 922 1878 indici
939 1855 951 1889 3
990 1842 1150 1892 eiusque
1186 1843 1278 1880 belli

91 1916 206 1942 causa
224 1903 453 1953 supplicatio
471 1917 539 1953 per
563 1905 699 1942 urbem
727 1905 861 1942 habita
889 1910 1006 1956 atque
1034 1907 1183 1944 adorati
1211 1908 1275 1955 dii,
1308 1923 1313 1928 ’

91 1971 138 2008 ut
168 1968 265 2005 bene
297 1981 340 2005 ac
376 1968 540 2006 feliciter
576 1971 759 2017 eveniret,
793 1971 895 2019 quod
933 1971 1076 2008 bellum
1114 1972 1279 2021 populus

93 2032 292 2071 Romanus
314 2032 496 2070 iussisset.
554 2034 668 2071 Inter
695 2035 869 2072 consules
898 2037 954 2072 ita
981 2036 1099 2085 copiae
1127 2036 1278 2097 divjsae:
1299 2053 1316 2078 ⁵

93 2096 319 2146 Sempronio
337 2097 436 2135 datae
454 2097 623 2147 legiones
642 2099 726 2136 duae
743 2098 803 2149 (ea
821 2103 1010 2149 quaterna
1028 2099 1280 2139 milliaserant

93 2160 266 2211 peditum
294 2165 334 2198 et
360 2162 507 2198 treceni
525 2162 687 2213 equites)
707 2169 747 2200 et
767 2163 956 2200 sociorum
975 2163 1139 2201 sedecim
1158 2164 1282 2201 milh'a

93 2225 279 2276 peditum,
299 2225 447 2276 equites
466 2226 571 2264 mille
593 2227 805 2277 octingenti
815 2241 826 2275 3
856 2240 974 2265 naves
988 2227 1110 2277 longae
1125 2231 1282 2266 centum

207 2311 245 2342 c.
265 2312 303 2344 r„
1143 2305 1170 2345 2
