1455 2454
179 172 230 210 52
700 171 853 209 LIVII

181 274 283 317 sunt,
312 269 380 319 qui
407 268 525 306 biduo
552 268 622 305 vix
644 267 770 304 locum
799 271 882 305 rate
910 267 1104 317 iungendo
1132 267 1285 305 flumini
1311 268 1368 304 in-

179 337 340 370 ventum
359 332 521 369 tradunt
533 345 544 379 3
573 344 617 368 ea
635 344 723 368 cum
743 331 912 380 Magone
931 331 1079 379 equites
1099 331 1365 381 Hispanorum

147 406 164 432 7
182 395 379 445 expeditos
412 394 636 444 praemissos.
695 394 801 431 Dum
838 394 1053 440 Hannibal,
1090 394 1190 431 circa
1223 394 1368 431 fiumen

180 459 438 509 legationibus
464 458 665 496 Gallorum
690 458 895 495 audiendis
914 461 1100 505 moratus,
1122 458 1270 495 traiicit
1287 470 1369 507 gra-

179 523 267 560 vius
303 523 478 573 peditum
514 536 662 571 agmen,
701 523 858 559 interim
897 523 1017 571 Mago
1054 521 1282 570 equitesque
1318 522 1368 559 ab

180 588 349 625 transitu
380 587 551 624 fluminis
587 587 665 624 diei
701 587 818 623 unius
854 587 994 624 itinere
1040 586 1281 623 Placentiam
1320 585 1368 623 ad

147 663 162 687 8
182 677 304 704 followed
321 679 357 710 by
370 679 446 704 nan·
472 651 601 688 hostes
616 651 865 688 contendunt.
917 650 1120 687 Hannibal
1135 650 1268 699 paucis
1283 654 1370 699 post

182 709 263 740 ’ὐπ’
476 716 610 752 dicbus
637 729 705 752 sex
724 716 848 751 millia
867 728 889 751 a
908 715 1110 752 Placentia
1128 719 1254 752 castra
1273 728 1370 751 com-

181 779 362 825 munivit,
385 783 423 816 et
451 784 604 829 postero
632 780 693 816 die
720 779 761 815 in
783 783 991 828 conspectu
1017 779 1187 816 hostium
1213 779 1293 816 acie
1315 779 1369 816 di-

180 845 286 878 recta
305 846 533 890 potestatem
553 855 691 891 pugnae
710 842 810 879 fecit.

111 901 162 938 48
261 904 489 954 Insequenti
508 910 619 942 nocte
634 905 753 941 caedes
772 905 814 941 in
833 905 966 942 castris
979 905 1178 952 Romanis,
1194 905 1371 943 tumultu

180 972 310 1005 tamen
330 983 445 1019 quam
467 983 506 1007 re
525 970 658 1017 maior,
679 970 727 1006 ab
750 969 1006 1006 auxiliaribus
1027 969 1150 1006 Gallis
1176 970 1279 1007 facta
1298 974 1366 1009 est„

148 1040 163 1056 2
180 1047 240 1072 who
271 1054 377 1073 secures
407 1048 442 1078 by
470 1034 537 1070 Ad
557 1034 632 1070 duo
648 1034 770 1070 millia
784 1034 959 1083 peditum
979 1037 1018 1070 et
1037 1033 1194 1070 ducenti
1210 1035 1369 1083 equites,

180 1079 320 1109 treachery
329 1079 374 1103 the
386 1086 442 1103 ma-

180 1109 445 1164 ffilbnssswffiiefflt‘lxse
472 1098 655 1147 vigilibus
680 1098 728 1134 ad
753 1101 883 1146 portas
906 1097 1121 1144 trucidatis,
1145 1098 1195 1134 ad
1219 1098 1372 1135 Hanni—

181 1169 305 1224 goffltiars
314 1171 447 1231 {33:th
475 1162 599 1198 halem
620 1162 903 1211 transfugiunt3
929 1174 1024 1211 quos
1045 1162 1187 1199 Poenus
1206 1162 1372 1212 benigne

181 1230 227 1255 the
240 1230 344 1255 Trebia.
475 1227 664 1263 allocutus
695 1230 735 1262 et
762 1239 827 1275 spe
853 1226 1071 1275 ingentium
1098 1227 1287 1263 donorum
1314 1239 1373 1264 ac-

182 1303 312 1327 censos
331 1291 370 1327 in
392 1290 569 1327 civitates
588 1304 779 1340 quemque
798 1303 886 1327 suas
905 1291 953 1327 ad
968 1290 1232 1328 sollicitandos
1250 1304 1370 1340 popu-

149 1354 321 1390 3larium
357 1355 506 1391 animos
539 1354 697 1391 dimisit.
770 1355 897 1403 Scipio
929 1355 1071 1391 caedem
1101 1367 1185 1392 eam
1217 1356 1370 1404 signum

181 1418 406 1456 defectionis
430 1419 602 1455 omnium
623 1418 823 1455 Gallorum
846 1431 927 1456 esse
952 1423 1072 1465 ratus,
1100 1423 1372 1469 contactosque

182 1495 226 1519 eo
259 1483 398 1520 scelere
430 1483 538 1520 velut
569 1483 710 1520 iniecta
738 1483 843 1520 rabie
873 1483 922 1519 ad
954 1496 1061 1519 arma
1088 1483 1223 1530 ituros,
1253 1496 1372 1532 quan-

149 1555 162 1577 4
183 1560 298 1597 quam
323 1548 452 1596 gravis
478 1547 604 1583 adhuc
623 1547 784 1584 vulnere
810 1551 904 1593 erat,
926 1551 1058 1584 tamen
1078 1552 1219 1597 quarta
1237 1547 1373 1597 vigilia

182 1611 306 1648 noctis
325 1611 564 1661 insequentis
584 1611 704 1648 tacito
730 1611 882 1659 agmine
902 1612 1106 1660 profectus,
1125 1611 1175 1648 ad
1193 1611 1370 1649 Trebiam

184 1675 347 1712 fluvium
367 1676 444 1712 iam
463 1675 504 1712 in
521 1676 603 1712 loca
618 1675 756 1712 altiora
769 1675 958 1724 collesque
970 1676 1233 1724 impeditiores
1248 1676 1372 1726 equiti

150 1753 164 1776 5
183 1744 307 1777 castra
327 1744 467 1778 movet.
526 1740 661 1776 Minus
685 1752 802 1788 quam
827 1740 876 1776 ad
894 1740 1071 1776 Ticinum
1090 1740 1231 1777 fefellit
1241 1754 1251 1788 ;
1286 1741 1374 1778 mis·

184 1805 311 1854 sisque
331 1804 533 1841 Hannibal
560 1804 730 1853 primum
754 1803 952 1851 Numidis,
974 1804 1114 1841 deinde
1139 1804 1245 1841 omni
1267 1804 1372 1854 equi-

185 1873 283 1915 tatu,
303 1869 499 1905 turbasset
517 1869 654 1917 utique
673 1867 928 1905 novissimum
953 1881 1102 1917 agmen,
1123 1869 1166 1905 ni
1185 1869 1373 1920 aviditate

185 1933 320 1981 praedae
339 1933 381 1969 in
400 1945 520 1969 vacua
548 1932 725 1969 Romana
750 1936 875 1969 castra
894 1932 1077 1969 Numidae
1102 1933 1368 1971 devertissent.

151 2009 166 2033 6
184 1997 248 2033 Ibi
285 1997 378 2034 dum
414 2000 698 2046 perscrutantes
735 1996 818 2033 loca
854 1997 984 2033 omnia
1014 2000 1227 2034 castrorum
1263 1997 1373 2035 nullo

184 2061 277 2098 satis
297 2061 412 2110 digno
438 2074 554 2098 morae
579 2062 704 2110 pretio
726 2064 880 2110 tempus
906 2065 1049 2107 terunt,
1072 2061 1232 2098 emissus
1251 2061 1373 2099 hostis

184 2129 243 2163 est
272 2125 320 2162 de
346 2126 525 2162 manibus
537 2140 548 2174 3
577 2129 617 2163 et
644 2138 764 2175 quum
793 2126 870 2162 iam
904 2130 1161 2175 transgressos
1195 2125 1372 2163 Trebiam

185 2190 380 2227 Romanos
420 2193 688 2239 metantesque
727 2194 851 2226 castra
893 2191 1193 2240 conspexissent,
1229 2203 1372 2242 ‘paucos

152 2269 167 2293 7
184 2258 420 2292 moratorum
439 2254 662 2291 occiderunt
681 2254 777 2292 citra
791 2254 936 2291 fiumen
955 2255 1199 2304 interceptos.
1231 2254 1369 2304 Scipio,
