1403 2438
510 198 679 236 LIBER
715 199 853 237 XXII.
1232 199 1280 237 99

89 299 303 332 commeatu
323 295 491 333 advecto.
545 297 600 333 Ea
615 297 745 334 classis
766 298 900 346 ingens
919 297 1073 346 agmine
1092 297 1281 334 oneraria-
1299 322 1315 341 2

90 371 174 394 rum
204 359 336 408 procul
364 360 447 396 visa
473 373 558 397 cum
586 374 725 411 magna
746 362 881 399 laetitia
907 363 1051 399 civium
1076 364 1280 400 sociorum-

87 435 161 472 que
200 428 353 472 portum
393 425 619 462 Tarraconis
653 439 700 463 ex
739 426 818 463 alto
858 428 992 463 tenuit.
1055 427 1114 463 Ibi
1154 427 1279 464 milite
1298 446 1314 471 3

87 488 272 537 exposito,
296 490 487 537 profectus
507 490 634 539 Scipio
654 491 767 527 fratri
785 504 824 527 se
845 491 1056 539 conjungit,
1079 504 1121 528 ac
1141 491 1279 528 deinde

86 553 281 589 communi
309 554 439 590 animo
468 554 703 603 consilioque
731 555 918 603 gerebant
947 554 1101 592 bellum.
1162 555 1277 591 Occu-
1297 572 1311 593 4

87 615 186 663 patis
211 615 332 664 igitur
361 615 743 665 Carthaginiensibus
773 617 1004 654 Celtiberico
1032 617 1143 663 bello,
1176 617 1276 653 haud

85 683 313 716 cunctanter
351 680 544 717 Hiberum
584 682 936 731 transgrediuntur,
969 694 1039 718 nec
1078 682 1156 718 ullo
1196 682 1277 718 viso

86 743 204 790 hoste,
236 743 453 793 Saguntum
483 750 649 794 pergunt
678 746 742 792 ire,
774 746 876 795 quod
906 747 958 782 ibi
984 746 1133 783 obsides
1156 746 1276 782 totius

86 807 288 857 Hispaniae
318 809 480 846 traditos
508 811 556 845 ab
587 810 810 847 Hannibale
836 810 938 847 fama
961 815 1046 847 crat
1065 811 1213 847 modico
1235 811 1275 846 iu

84 885 169 910 arce
186 873 372 910 custodiri
392 875 576 923 praesidio.
638 875 684 911 ld
701 888 820 911 unuin
844 876 983 924 pignus¹
1003 875 1208 912 inclinatos
1227 876 1275 912 ad
1294 891 1308 913 s

85 938 300 975 Romanam
336 940 556 976 societatem
595 940 767 976 omnium
808 941 1011 989 Hispaniae
1045 940 1272 989 populorum

83 1003 230 1040 animos
256 1005 488 1050 morabatur,
513 1017 559 1040 ue
581 1005 768 1053 sanguine
795 1005 958 1041 liberum
985 1017 1143 1041 suorum
1163 1005 1275 1053 culpa

83 1068 308 1105 defectionis
334 1069 514 1105 lueretur.
576 1069 632 1105 Eo
656 1070 810 1106 vinculo
840 1069 1072 1118 Hispaniam
1093 1069 1155 1105 vir
1173 1082 1274 1105 unus
1293 1086 1308 1108 ο

84 1133 229 1169 sollerti
258 1134 379 1182 magis
407 1146 520 1182 quam
552 1133 657 1170 fideli
686 1134 844 1170 consilio
875 1133 1052 1171 exsolvit.
1112 1133 1271 1169 Abelux

82 1202 166 1234 erat
188 1197 351 1248 Sagunti
373 1197 513 1235 nobiljs
535 1198 746 1247 Hispanus,
768 1199 867 1235 fidus
886 1204 976 1235 ante
1010 1228 1051 1257 By
1079 1228 1123 1252 the
1151 1227 1220 1251 craft
1247 1227 1275 1251 of

85 1261 214 1298 Poenis
227 1274 238 1309 ς
263 1265 361 1307 tum,
382 1262 511 1311 qualia
537 1262 762 1311 plerumque
782 1267 874 1298 sunt
901 1264 979 1298 bar-
1008 1259 1272 1319 ξζξῗξξέᾏὲζξζξξξ·

83 1326 265 1363 barorum
283 1326 449 1376 ingenia,
472 1339 558 1363 cum
582 1327 739 1363 fortuna
759 1331 979 1363 mutaverat
1006 1323 1272 1380 ξὲἳξᾞξῖξέξζξξζὲ

84 1390 206 1429 fidem.
266 1391 446 1428 Ceterum
468 1391 707 1439 transfugam
729 1391 811 1427 sine
831 1403 978 1440 magnae
1006 1381 1065 1404 '⁹¹¹⁰
1075 1383 1115 1405 set
1125 1381 1200 1405 “¹²³¹
1209 1380 1271 1405 Μ·
1291 1419 1304 1441 7

83 1456 138 1492 rei
163 1456 379 1505 proditione
409 1456 630 1492 venientem
659 1455 707 1491 ad
737 1456 864 1492 hostes
892 1455 989 1491 nihil
1021 1455 1128 1491 aliud
1156 1467 1270 1503 quam

83 1532 202 1556 unum
234 1519 308 1555 vile
339 1525 454 1568 atque
483 1519 627 1555 infame
656 1531 793 1568 corpus
822 1531 903 1555 esse
922 1527 1041 1564 ratus,
1063 1519 1103 1554 id
1122 1519 1270 1567 agebat,

83 1590 127 1620 ut
156 1597 271 1634 quam
302 1583 514 1620 maximum
546 1584 848 1620 emolumentum
880 1583 991 1619 novis
1021 1583 1132 1619 sociis
1161 1586 1260 1619 esset

82 1648 380 1698 Circumspectis
405 1648 526 1697 igitur
553 1647 743 1693 omnibus,
772 1660 856 1696 quae
885 1647 1042 1683 fortuna
1069 1646 1272 1696 potestatis
1290 1663 1304 1687 g

81 1713 163 1750 eius
202 1717 354 1762 poterat
390 1713 524 1759 facere,
558 1712 754 1749 obsidibus
792 1712 1034 1761 potissimum
1074 1711 1271 1747 tradendis

80 1760 254 1815 animum
286 1777 437 1824 adiecit,
474 1790 554 1814 eam
590 1790 708 1813 unam
742 1789 820 1813 rem
856 1777 1024 1812 maxime
1052 1779 1160 1812 ratus
1187 1788 1271 1812 con-

80 1842 296 1879 ciliaturam
327 1842 514 1878 Romanis
548 1840 766 1890 principum
806 1840 1009 1890 Hispaniae
1046 1839 1267 1876 amicitiam.

81 1906 155 1944 Sed
184 1919 305 1956 quum
334 1907 483 1943 iniussu
513 1905 687 1942 Bostaris
715 1905 884 1954 praefecti
913 1905 1007 1941 satis
1034 1904 1150 1940 sciret
1172 1903 1270 1939 nihil
1289 1926 1306 1951 9

80 1971 257 2008 obsidum
285 1971 462 2008 custodes
490 1970 658 2007 facturos
687 1982 778 2015 esse,
812 1969 1012 2005 Bostarem
1037 1968 1163 2017 ipsum
1188 1972 1284 2004 arte.

79 2035 312 2084 aggreditur.
372 2035 507 2072 Castra
526 2039 638 2071 extra
658 2034 791 2070 urbem
812 2033 854 2070 in
868 2033 952 2082 ipso
971 2033 1084 2070 litore
1107 2032 1272 2068 habebat
1292 2050 1323 2067 ιο

81 2098 230 2146 Bostar,
251 2103 297 2136 ut
314 2099 462 2136 aditum
483 2112 528 2136 ea
545 2102 655 2148 parte
675 2097 951 2134 intercluderet
965 2097 1160 2134 Romanis.
1207 2095 1270 2132 Ibi

79 2175 167 2200 eum
197 2163 238 2200 in
264 2168 452 2200 secretum
477 2164 698 2208 abductum,
721 2162 831 2198 velut
849 2163 1103 2211 ignorantem,
1128 2167 1266 2206 monet,

80 2240 157 2277 quo
186 2232 293 2265 statu
320 2228 373 2265 sit
401 2240 484 2265 res:
522 2231 667 2264 metum
699 2227 934 2263 continuisse
968 2226 1015 2262 ad
1049 2238 1132 2262 eam
1166 2225 1267 2260 diem
1290 2247 1319 2265 n

82 2291 349 2342 Hispanorum
382 2293 541 2339 animos,
573 2292 665 2341 quia
694 2291 826 2340 procul
866 2290 1029 2326 Romani
1066 2290 1268 2331 abeasent3

1044 2367 1157 2410 7-2
