1403 2438
517 137 687 176 LIBER
723 136 845 174 XXI.
1048 129 1062 146 ⁸
1224 131 1269 168 61

87 237 282 287 extemplo
309 240 519 286 urgeretur.
579 236 682 273 Nam
711 247 831 285 quum
859 233 926 270 vix
955 232 1031 270 iam
1059 244 1129 281 per
1153 243 1194 269 se
1219 241 1274 267 re·
1293 239 1310 264 ⁶

85 301 270 339 sisterent:
297 300 427 337 decem
456 299 629 336 millibus
659 299 834 348 equitum
862 301 1048 347 quattuor
1079 295 1203 332 millia
1235 297 1276 331 et

86 366 176 403 fessi
201 365 362 415 integris
381 365 584 415 plerisque,
605 363 735 400 obruti
755 367 847 399 sunt
867 362 1025 411 insuper
1043 360 1152 397 velut
1171 359 1274 396 nube

86 430 298 468 iaculorum
326 444 349 468 a
376 429 596 466 Baliaribus
623 427 804 465 coniecta.
860 426 928 463 Ad
967 425 1038 462 hoc
1077 422 1274 474 elephanti
1293 432 1308 457 ⁷

89 492 303 531 eminentes
337 493 386 529 ab
415 491 599 529 extremis
632 491 820 536 cornibus,
855 488 966 538 equis
997 488 1166 524 maxime
1195 499 1274 524 non

91 557 179 594 visu
201 558 325 604 modo,
346 557 412 594 sed
431 557 544 594 odore
565 556 721 593 insolito
736 554 894 601 territis,
915 553 1047 603 fugam
1067 553 1145 589 late
1163 552 1276 589 facie-

86 621 192 658 bant.
241 621 438 658 Pedestris
455 634 584 670 pugna
605 634 674 670 par
693 619 833 657 animis
852 618 974 667 magis
993 630 1108 667 quam
1124 616 1274 653 viribus
1292 621 1307 645 8

85 688 179 730 erat,
209 696 305 733 quas
332 688 504 720 recentes
533 683 687 730 Poenus,
719 682 833 732 paulo
861 685 952 718 ante
981 678 1124 717 curatis
1147 690 1275 727 corpo-

85 746 203 793 ribus,
234 746 276 783 in
306 747 483 796 proelium
517 746 731 791 attulerat3
771 749 906 782 contra
938 743 1069 780 ieiuna
1099 742 1274 791 fessaque

87 822 246 859 corpora
271 810 459 847 Romanis
485 814 524 847 et
551 810 718 859 rigentia
742 809 831 858 gelu
857 812 981 857 torpe-
1008 832 1048 856 ω,
1068 830 1218 856 exhausted
1238 830 1275 861 by

85 874 190 911 bant.
248 874 502 911 Restitissent
521 878 651 910 tamen
670 873 820 919 animis,
843 873 875 909 si
892 885 978 909 cum
1007 861 1274 917 ἔζζζᾶἱὲξῖῑέᾃῗζᾱωέξ

85 937 214 988 pedite
252 938 375 974 solum
413 938 513 975 foret
549 942 792 987 pugnatum,
838 937 904 974 sed
943 940 982 973 et
1009 923 1128 948 ³¹¹⁵³d⁰⁵
1290 946 1308 971 9

87 1001 273 1049 Baliares,
304 1002 415 1052 pulso
442 1002 582 1051 equite,
614 1002 882 1038 iaculabantur
907 1001 947 1037 in
971 1001 1102 1047 latera,
1131 1004 1171 1037 et
1199 1000 1271 1037 ele·

84 1065 224 1115 phanti
252 1065 330 1102 iam
360 1065 403 1102 in
434 1065 600 1102 mediam
625 1065 800 1114 peditum
831 1064 950 1101 aciem
979 1077 1060 1101 sese
1087 1063 1271 1110 tulerant,

88 1132 129 1166 et
147 1128 265 1178 Mago
283 1128 554 1178 Numidaeque,
574 1129 689 1165 simul
713 1129 880 1165 latebras
907 1141 1039 1165 eorum
1059 1127 1274 1177 improvida

85 1193 304 1243 praeterlata
331 1193 431 1230 acies
456 1197 524 1239 est,
553 1193 679 1230 exorti
706 1193 754 1229 ab
780 1197 887 1241 tergo
914 1192 1111 1241 ingentem
1130 1191 1273 1228 tumul-

84 1260 171 1293 tum
198 1270 242 1294 ac
271 1261 455 1294 terrorem
484 1257 616 1295 fecere.
675 1257 822 1294 Tamen
845 1257 886 1293 in
912 1261 972 1294 tot
991 1257 1272 1294 circumstanti·
1292 1264 1324 1281 ¹0

85 1320 157 1357 bus
185 1320 297 1357 malis
329 1321 473 1358 mansit
500 1321 738 1370 aliquamdiu
766 1321 927 1357 immota
958 1320 1069 1367 acies,
1103 1320 1272 1358 maxime

86 1388 225 1433 praeter
252 1397 359 1434 spem
387 1384 559 1421 omnium
590 1385 773 1422 adversus
806 1385 1043 1434 elephantos,
1103 1384 1180 1421 Eos
1207 1397 1271 1421 ve·
1291 1397 1320 1415 1¹

85 1447 174 1484 lites
201 1447 251 1484 ad
271 1448 317 1484 id
341 1448 467 1497 ipsum
493 1449 609 1485 locati
639 1449 787 1485 verutis
817 1449 998 1486 coniectis
1028 1453 1067 1486 et
1096 1451 1272 1485 avertere

86 1515 127 1548 et
153 1511 320 1550 insecuti
344 1525 496 1549 aversos
519 1513 591 1549 sub
611 1513 752 1560 caudis,
774 1527 849 1562 qua
867 1513 1036 1550 maxime
1055 1513 1164 1549 molli
1183 1516 1271 1549 cute

85 1575 248 1613 vulnera
266 1575 471 1626 accipiunt,
491 1576 700 1613 fodiebant.
755 1577 1084 1627 Trepidantesque
1102 1583 1135 1614 et
1153 1590 1271 1627 prope
1291 1572 1339 1609 56

88 1639 165 1676 iam
194 1639 234 1676 in
263 1653 352 1677 suos
379 1644 643 1677 consternatos
673 1653 690 1677 e
718 1641 845 1677 media
872 1641 954 1678 acie
981 1641 1023 1677 in
1052 1645 1267 1678 extremam

85 1703 133 1741 ad
172 1704 374 1741 sinistrum
417 1717 537 1741 cornu
573 1704 757 1741 adversus
794 1704 926 1741 Gallos
964 1704 1172 1741 auxiliares
1209 1705 1270 1755 agi

84 1767 198 1806 iussit
230 1769 442 1806 Hannibal.
502 1769 566 1806 Ibi
597 1769 791 1818 extemplo
823 1769 929 1806 haud
961 1769 1118 1806 dubiam
1148 1769 1271 1806 fecere

86 1833 217 1883 fugam
262 1847 462 1883 novusque
506 1834 662 1872 additus
698 1838 826 1871 terror
863 1834 1061 1880 Romanis,
1101 1836 1148 1870 ut
1184 1833 1271 1870 fusa

84 1898 232 1936 auxilia
267 1911 337 1936 sua
368 1898 561 1936 viderunt.
637 1899 778 1948 Itaque
807 1911 927 1948 quum
961 1898 1038 1935 iam
1068 1898 1111 1934 in
1138 1897 1267 1935 orbem
1289 1909 1304 1926 ²

84 1966 304 2012 pugnarent
330 1962 460 2000 decem
481 1962 605 2000 mfflia
623 1963 742 2000 ferme
762 1962 974 2009 hominum,
1004 1976 1069 2011 moy
1085 1982 1154 2000 were
1173 1974 1270 2000 routed

84 2039 205 2076 quum
247 2026 324 2064 alia
365 2027 527 2064 evadere
567 2027 805 2076 nequissent,
850 2026 978 2063 media
1004 2007 1155 2067 §lifffgixieesst

83 2091 273 2128 Afrorum
296 2090 386 2138 acie,
407 2103 484 2141 qua
512 2091 672 2129 Gallicis
699 2091 857 2129 auxiliis
882 2092 1036 2129 firmata
1061 2095 1156 2139 erat,
1181 2106 1269 2130 cum

83 2153 235 2204 ingenti
265 2155 365 2192 caede
396 2154 566 2192 hostium
594 2167 814 2205 perrupere,
844 2158 894 2202 et,
925 2166 1045 2204 quum
1073 2167 1199 2204 neque
1226 2155 1268 2192 in
1286 2165 1303 2190 3

84 2222 209 2258 eastra
246 2219 394 2257 reditus
430 2223 532 2258 esset
568 2219 729 2258 flumine
769 2219 988 2257 interclusis
1025 2231 1152 2269 neque
1189 2232 1269 2269 prae
