1403 2438
510 162 678 198 LIBER
714 161 853 199 XXII.
1229 162 1276 198 89

84 261 261 310 cognitus
285 264 342 297 est
366 273 481 306 error,
504 267 543 297 et
571 260 754 296 Casinum
782 260 894 309 longe
919 259 1008 296 inde
1028 259 1104 295 alia
1126 258 1278 308 regione

85 339 191 371 esse3
226 325 422 374 virgisque
448 338 544 361 causo
567 325 662 362 duce
686 329 725 361 et
748 326 795 360 a1l
828 325 1060 373 reliquorum
1093 328 1278 360 terrorem
1297 346 1313 370 9

84 390 125 427 in
162 403 314 427 crucem
348 390 512 436 sublato,
547 390 681 426 castris
715 389 975 432 communitis,
1009 388 1278 425 Maharbalem

84 466 172 490 cum
199 454 395 503 equitibus
420 454 459 489 iu
487 466 621 501 agrum
647 452 856 489 Falernum
882 452 1097 501 praedatum
1120 451 1276 488 (limisit.

86 518 223 568 Usque
256 518 304 557 ad
337 530 457 567 aquas
496 517 748 555 Sinuessanas
782 516 981 566 populatio
1014 529 1058 552 ea
1088 516 1275 565 pervenit.
1300 532 1330 548 10

87 583 294 632 Ingentem
331 582 489 628 cladem,
523 582 653 630 fugam
692 586 822 618 tamen
860 585 1123 630 terroremque
1162 581 1279 617 latius

86 647 126 684 N
130 647 268 683 umidae
294 647 492 692 fecerunt3
521 659 591 683 nec
620 652 751 683 tamen
779 647 812 682 is
840 651 975 691 terror,
1003 658 1123 695 quum
1151 646 1281 682 omnia
1302 662 1326 677 ιι

87 712 187 749 bello
220 712 439 761 flagrarent,
481 712 555 748 fide
593 711 714 748 socios
753 711 929 757 dimovit,
970 710 1150 747 videlicet
1188 710 1281 759 quia

86 777 188 814 iusto
217 781 257 814 et
286 777 482 813 moderato
512 776 746 825 regebantur
772 776 934 825 imperio
958 788 1027 812 nec
1046 775 1279 820 abnuebant,

87 842 190 891 quod
209 855 331 878 unum
352 841 552 878 vinculum
573 841 661 877 fidei
682 845 751 886 est,
775 840 997 877 melioribus
1017 853 1160 890 parere.

170 907 228 944 Ut
252 919 355 953 vero,
386 911 591 956 postquam
621 906 669 942 ad
697 905 944 942 Vulturnum
975 906 1120 942 fiumen
1157 909 1281 942 castra
1302 898 1349 935 14

87 975 179 1008 sunt
197 971 334 1020 posita,
352 971 590 1008 exurebatur
609 971 889 1007 amoenissimus
910 971 988 1006 Ita-
1016 1001 1067 1026 His
1079 1008 1190 1031 ravages
1198 1001 1226 1025 of
1235 1001 1281 1025 tue

86 1035 147 1072 liae
172 1048 263 1084 ager
288 1035 466 1084 villaeque
486 1034 627 1084 passim
652 1034 840 1071 incendiis
868 1035 987 1071 fuma-
1014 1032 1070 1056 rich
1097 1039 1161 1062 ager
1189 1032 1281 1057 F²¹¹0¹²

1015 1070 1067 1087 nus
1102 1062 1203 1087 excited
1234 1063 1281 1087 the

89 1099 191 1146 bant,
213 1111 282 1148 per
306 1098 398 1148 iuga
424 1098 583 1135 Massici
606 1098 750 1135 montis
779 1098 899 1135 Fabio
919 1099 986 1135 du-
1015 1093 1281 1148 ffiffiffiucesgssiss}

85 1168 206 1209 cente,
222 1167 309 1200 tum
329 1175 446 1212 prope
467 1163 514 1199 de
533 1163 685 1212 integro
704 1163 843 1200 seditio
859 1175 986 1200 accen-
1015 1155 1069 1210 {¹12¹}
1078 1154 1284 1215 {fflss'g’affi‘ffissf

85 1241 149 1275 sa3
191 1227 421 1277 quieverant
464 1227 567 1264 em'm
608 1240 677 1277 per
714 1240 854 1276 paucos
893 1227 984 1273 dies,
1015 1217 1082 1240 ⁶³³³·
1299 1242 1313 1258 2

85 1287 187 1342 quia,
217 1305 339 1342 quum
364 1292 524 1329 celerius
551 1292 665 1328 solito
686 1292 846 1329 ductum
876 1305 1014 1342 agmen
1040 1297 1151 1337 esset,
1178 1291 1280 1329 festi-

85 1357 171 1395 nari
199 1358 248 1394 ad
275 1357 553 1407 prohibendam
582 1357 898 1406 populationibus
927 1357 1180 1407 Campaniam
1204 1370 1280 1394 cre-

85 1424 273 1462 diderant.
332 1423 395 1461 Ut
422 1436 513 1460 vero
541 1423 583 1459 in
612 1427 786 1459 extrema
819 1422 910 1472 iuga
944 1422 1103 1460 Massici
1136 1422 1280 1464 montis
1297 1438 1310 1461 3

85 1492 260 1534 ventum,
292 1492 330 1525 et
357 1487 488 1524 hostes
517 1488 588 1524 sub
617 1487 738 1524 oculis
767 1491 878 1524 erant
901 1487 1059 1525 Falerni
1082 1488 1165 1538 agri
1184 1489 1276 1525 colo-

86 1565 301 1601 norumque
317 1551 506 1589 Sinuessae
523 1556 626 1589 tecta
644 1556 811 1598 urentes,
834 1566 905 1590 nec
926 1553 1010 1589 ulla
1030 1557 1113 1590 erat
1132 1553 1278 1590 mentio

86 1629 235 1666 pugnae,
274 1616 527 1666 “Spectatum
560 1617 668 1653 huc''
702 1617 833 1666 inquit
867 1617 1078 1665 Minucius,
1115 1620 1195 1655 “ut
1231 1619 1279 1655 ad
1297 1637 1310 1659 4

87 1694 166 1719 rem
194 1681 396 1718 fruendam
425 1681 556 1727 oculis,
586 1681 777 1719 sociorum
805 1682 925 1719 caedes
954 1687 994 1719 et
1018 1682 1197 1720 incendia
1219 1696 1279 1720 ve-

86 1746 242 1783 nimus?
271 1759 352 1793 nec,
380 1746 414 1783 si
436 1746 584 1783 nullius
603 1747 764 1784 alterius
784 1760 864 1794 nos,
889 1760 937 1784 ne
958 1747 1103 1784 civium
1123 1748 1278 1798 quidem

86 1811 222 1849 horum
255 1811 388 1861 pudet,
423 1824 519 1860 quos
552 1811 776 1849 Sinuessam
809 1812 962 1849 colonos
995 1816 1125 1862 patres
1156 1813 1278 1849 nostri

85 1876 285 1923 miserunt,
326 1880 371 1913 ut
402 1876 450 1913 ab
488 1875 663 1914 Samnite
696 1877 806 1914 hoste
837 1881 924 1914 tuta
957 1877 1036 1914 haec
1069 1890 1135 1914 ora
1167 1883 1277 1925 esset,
1299 1891 1312 1913 5

87 1955 201 1991 quam
229 1955 334 1979 nunc
361 1955 440 1979 non
469 1943 621 1980 vicinus
651 1943 804 1980 Samnis
834 1945 925 1991 urit,
955 1944 1021 1981 sed
1050 1944 1193 1982 Poenus
1216 1945 1278 1981 ad-

86 2020 194 2053 vena,
216 2008 264 2043 ab
284 2007 468 2045 extremis
488 2008 592 2045 orbis
610 2013 803 2046 terrarum
825 2009 1001 2046 terminis
1016 2013 1149 2046 nostra
1168 2022 1279 2046 cunc-

85 2072 233 2109 tatione
252 2076 292 2109 et
311 2072 482 2110 socordia
501 2073 577 2110 iam
597 2073 674 2110 huc
693 2075 940 2123 progressus'l
994 2074 1173 2121 Tantum,
1195 2087 1276 2124 pro,
1296 2081 1312 2104 6

84 2134 359 2183 degeneramus
379 2148 402 2172 a
422 2136 600 2185 patribus
622 2136 776 2182 nostris,
798 2142 855 2183 ut,
876 2141 1017 2187 prae‘ter
1035 2150 1150 2187 quam
1171 2150 1274 2175 oram

84 2198 143 2235 illi
178 2199 343 2237 Punicas
382 2201 515 2250 vagari
547 2201 684 2239 classes
717 2202 880 2239 dedecus
913 2215 993 2240 esse
1026 2203 1179 2252 imperii
1216 2204 1276 2241 sui

87 2263 283 2311 duxerint,
311 2276 395 2301 eam
421 2278 526 2302 nunc
553 2266 707 2316 plenam
737 2266 905 2303 hostium
937 2267 1276 2318 Numidarumque
