1455 2454
117 182 170 220 40
640 181 698 216 LI
709 180 789 218 VII

115 279 176 316 vis
195 278 303 316 venti
330 282 419 327 apta
448 277 621 314 faciendo
649 277 729 327 igni
757 282 885 314 coorta
913 283 1021 324 esset,
1051 280 1299 327 succendunt,

84 361 100 386 3
117 343 367 390 ardentiaque
397 354 488 378 saxa
516 342 643 378 infuso
671 346 778 379 aceto
806 343 1080 391 putrefaciunt.
1133 343 1200 380 Ita.
1227 347 1302 380 tor-

113 407 236 443 ridam
266 406 443 442 incendio
469 419 602 454 rupem
626 406 727 443 ferro
752 407 930 455 pandunt
955 407 1210 457 molliuntque
1237 421 1302 444 an-

113 471 298 507 fractibus
319 470 475 506 modicis
487 471 617 518 clivos,
637 475 684 507 ut
702 484 780 507 non
800 471 973 507 iumenta
993 472 1128 517 solum,
1146 472 1211 508 sed
1231 472 1301 508 ele-

81 555 97 579 4
114 534 251 584 phanti
272 534 387 570 etiam
409 535 545 571 deduci
565 539 732 583 possent.
775 534 1034 579 Quatriduum
1051 536 1151 572 circa
1164 548 1299 584 rupem

113 603 393 649 consumptum,
425 599 608 636 iumentis
638 612 755 649 prope
789 602 889 636 fame
919 600 1132 648 absumptis
1147 613 1158 647 5
1196 600 1302 636 nuda.

111 694 165 720 and
196 694 261 723 they
296 693 375 717 ronch
405 663 508 700 enim
533 664 612 700 fere
641 664 838 700 cacumina
866 667 957 700 sunt
985 668 1034 709 ct,
1055 664 1088 700 si
1116 663 1209 713 quid
1241 667 1301 700 est

81 725 376 780 5ξῖζξῐ1ῗέζῗῶὶᾞξῇῗ
405 728 549 776 pabuli,
585 729 756 764 obruunt
785 729 904 765 nives.
963 728 1152 765 Inferiora
1178 727 1300 764 valles

112 786 206 816 ¹'¹³¹³¹¹⁸·
404 792 623 841 apricosque
652 792 767 829 ctiam
799 793 913 829 colles
947 792 1093 828 habent
1121 792 1301 840 rivosque

80 873 95 898 ⁶
113 861 146 893 et
165 868 283 904 prope
303 856 418 892 silvas
438 860 477 892 et
496 856 571 892 iam
593 857 761 892 humano
781 857 886 892 cultu
908 856 1083 904 digniora.
1100 856 1192 892 loca.
1235 855 1298 892 Ibi

111 919 286 956 iumenta
318 919 360 955 in
389 919 573 968 pabulum
603 920 718 956 missa
751 925 790 956 et
818 920 925 968 quies
954 919 1163 956 muniendo
1191 919 1299 959 fessis

112 983 334 1020 hominibus
362 984 461 1021 data.
521 984 666 1020 Triduo
692 984 782 1020 inde
808 985 855 1020 ad
881 984 1039 1033 planum
1062 984 1297 1029 descensum,

110 1048 187 1084 iam
208 1052 248 1085 et
266 1048 358 1085 locis
377 1048 615 1085 mollioribus
636 1052 674 1085 et
694 1047 906 1085 accolarum
927 1048 1100 1096 ingeniis.
1239 1056 1241 1058 ’

42 1117 92 1154 38
191 1112 281 1149 Hoc
295 1113 463 1149 maxime
479 1112 591 1149 modo
604 1112 644 1148 in
659 1113 816 1149 Italiam
832 1116 1062 1161 perventum
1076 1116 1143 1158 est,
1160 1111 1298 1161 quinto

109 1189 240 1214 mense
267 1190 290 1214 a
319 1177 551 1225 Carthagine
581 1177 704 1223 Nova,
734 1180 780 1213 ut
808 1176 961 1225 quidam
992 1181 1164 1213 auctores
1192 1179 1294 1223 sunt,

109 1266 166 1290 The
191 1267 321 1290 numbers
346 1265 374 1290 of
400 1241 536 1289 quinto
583 1241 729 1277 decimo
776 1242 836 1277 die
881 1241 1047 1289 Alpibus
1093 1241 1294 1289 superatis.

77 1313 92 1331 2
109 1297 269 1321 ¹¹²¹¹¹¹¹¹b³s³
281 1304 357 1327 “¹¹¹¹’'
405 1304 567 1348 Quautae
581 1305 694 1353 copiae
709 1309 945 1353 transgresso
961 1305 1002 1340 in
1015 1304 1173 1340 Italiam
1189 1304 1298 1340 Han-

108 1367 230 1404 nibali
249 1368 404 1415 fuerint,
428 1381 667 1417 nequaquam
697 1369 800 1404 inter
819 1373 992 1405 auctores
1012 1372 1173 1405 constat.
1220 1367 1297 1412 Qui

108 1431 331 1480 plurimum,
363 1438 519 1469 centum
555 1433 678 1469 millia
715 1433 902 1481 peditum,
941 1433 1083 1481 viginti
1121 1432 1293 1481 equitum

107 1496 225 1532 fuisse
245 1497 420 1534 scribunt
433 1512 443 1545 ,-
473 1497 540 1547 qui
565 1498 780 1544 minimum,
802 1497 943 1546 viginti
968 1497 1092 1533 millia
1109 1497 1296 1545 peditum,

75 1573 91 1597 3
110 1573 177 1597 sex
196 1561 382 1609 equitum.
425 1562 468 1599 L.
493 1562 649 1599 Cincius
670 1562 906 1608 Alimentus,
928 1561 995 1611 qui
1014 1565 1167 1611 captum
1189 1573 1229 1598 se
1248 1561 1297 1597 ab

107 1625 333 1662 Hannibale
366 1626 510 1672 scribit,
544 1627 712 1662 maxime
749 1639 806 1663 me
843 1630 976 1662 auctor
1008 1629 1190 1671 moveret,
1220 1625 1295 1662 nisi

107 1689 362 1726 confunderet
402 1702 606 1726 numerum
645 1690 768 1727 Gallis
805 1690 1090 1739 Liguribusque
1127 1689 1297 1736 additis3

73 1766 90 1790 4
108 1766 193 1790 cum
223 1753 283 1790 his
309 1755 504 1802 octoginta
531 1755 653 1791 millia
678 1755 862 1803 peditum,
885 1755 1013 1790 decem
1041 1753 1217 1802 equitum
1234 1753 1297 1790 ad-

107 1817 245 1864 ducta3
275 1817 333 1868 <in
367 1818 486 1854 Italia
518 1820 639 1867 magis
669 1819 862 1856 affluxisse
890 1819 973 1854 veri
1003 1818 1127 1855 simile
1160 1822 1228 1864 est,
1257 1822 1296 1855 et

74 1897 90 1922 5
106 1881 163 1918 ita
181 1881 338 1930 quidam
357 1886 533 1919 auctores
553 1887 644 1919 sunt
655 1881 680 1932 3)
702 1896 748 1918 ex
768 1883 851 1931 ipso
871 1887 997 1919 autem
1020 1883 1171 1919 audisse
1186 1883 1297 1919 Han-

105 1945 245 1992 nibale,
274 1949 478 1995 postquam
517 1947 752 1983 Rhodanum
788 1947 996 1993 transierit,
1031 1947 1194 1996 triginta
1227 1959 1296 1984 sex

105 2009 230 2046 millia
259 2009 459 2046 hominum
489 2010 765 2059 ingentemque
797 2024 1002 2047 numerum
1035 2024 1220 2060 equorum
1256 2015 1296 2048 et

105 2073 269 2110 aliorum
289 2073 550 2111 iumentorum
570 2074 749 2111 amisisse.
791 2075 950 2111 Taurini
967 2075 1165 2124 Semigalli
1183 2088 1295 2125 prox-

73 2142 90 2167 6
105 2165 160 2190 and
183 2166 229 2190 the
247 2173 309 2196 pass
335 2166 370 2196 by
398 2138 477 2175 ima
506 2152 598 2188 gens
623 2143 707 2175 erat
739 2139 780 2174 in
808 2139 966 2175 Italiam
998 2139 1184 2188 degresso.
1246 2138 1296 2175 Id

104 2197 189 2220 ¹⁸'¹¹i⁰¹¹
212 2197 245 2221 ¹¹⁰
266 2197 372 2221 “med
401 2216 519 2252 quum
546 2204 649 2240 inter
673 2215 804 2239 omnes
833 2207 990 2249 constet,
1013 2216 1057 2239 eo
1082 2202 1203 2251 magis
1227 2201 1296 2239 mi-

105 2234 152 2251 are
162 2229 274 2252 matters
285 2228 313 2252 of
320 2228 373 2253 dis-

106 2260 171 2288 pme
399 2280 464 2304 ror
492 2268 647 2317 ambigi,
672 2280 838 2317 quanam
869 2267 992 2316 Alpes
1019 2267 1227 2315 transierit,
1256 2270 1295 2304 et
