1434 2402
152 215 224 250 114
672 204 815 243 LIVJJ

120 330 133 344 2
151 310 280 359 plebis.
339 308 378 344 O.
403 306 582 343 Terentio
603 303 786 349 Varroni,
809 314 924 351 quem
953 301 1013 337 sui
1040 299 1191 349 generis
1219 297 1338 336 homi—

152 387 250 418 nem,
298 372 398 420 plebi
448 370 700 407 insectatione
748 366 964 417 principum
1014 365 1339 414 popularibusque

148 436 301 476 *artibus
332 434 589 477 conciliatum,
611 432 658 468 ab
683 430 726 475 Q.
757 429 867 466 Fabii
897 428 1034 477 opibus
1068 434 1108 464 et
1137 425 1341 463 dictatorio

152 499 311 547 imperio
342 510 523 534 concusso
556 496 682 532 aliena
716 493 863 530 invidia
893 491 1170 541 splendentem,
1201 489 1342 539 vulgus

154 562 354 598 extrahere
381 561 428 597 ad
455 560 694 597 consulatum
725 557 933 601 nitebatur,
955 560 1084 604 patres
1104 566 1254 591 summa
1272 565 1343 602 ope

153 627 368 672 obstabant,
401 638 449 662 ne
481 638 520 662 se
553 622 776 660 insectando
807 621 880 658 sibi
909 619 1052 669 aequari
1081 621 1345 655 assuescerent

123 705 136 727 3
155 692 335 727 homines
396 690 439 734 Q.
464 690 618 726 Baebius
645 686 870 723 Herennius
898 685 1080 721 tribunus
1107 683 1241 732 plebis,
1262 694 1343 730 cog-

161 770 423 795 1hscontelltatnssng
453 759 566 790 natus
598 752 637 789 C.
662 750 846 795 Terentii,
868 749 1108 786 criminando
1135 760 1213 784 non
1241 759 1345 783 sena-

157 800 315 865 iss¹f'f‹›2¹³‘t'ei{f1
333 799 424 858 {gum
452 824 533 855 tun]
560 817 683 863 modo,
705 815 769 852 sed
799 815 916 851 etiam
945 825 1120 861 augures,
1142 811 1245 860 quod
1273 810 1346 847 ‹lic-

158 862 263 919 {1222}OE
320 860 421 884 nercn-
451 888 613 919 tatorem
647 879 936 930 prohibuissent
968 877 1124 913 comitia
1152 876 1344 925 perficere,

159 964 224 999 per
256 951 443 986 invidiam
475 959 606 983 eorum
636 946 804 981 favorem
837 942 1042 979 candidato
1075 954 1144 977 suo
1174 939 1347 976 concilia-

125 1034 139 1054 4
159 1016 223 1049 bat
238 1011 257 1050 ἴ
266 1013 331 1049 Ab
352 1011 573 1048 horninibus
593 1008 797 1052 nobilibus,
817 1020 884 1056 per
903 1006 1044 1042 multos
1063 1017 1184 1041 annos
1203 1003 1348 1040 bellum

159 1077 430 1126 quaerentibus,
467 1073 728 1111 Hannibalem
764 1073 806 1108 in
839 1071 993 1107 Italiam
1029 1070 1263 1116 adductum3
1301 1069 1350 1104 ab

159 1141 305 1188 iisdem,
341 1153 459 1189 quum
498 1137 679 1175 debellari
718 1137 849 1186 possit,
884 1135 1018 1172 fraude
1055 1132 1199 1171 bellum
1234 1133 1347 1170 trahi.

129 1226 142 1247 5
163 1204 290 1248 Quum
329 1208 514 1251 quattuor
560 1200 775 1249 legionibus
814 1191 1005 1235 universis
1041 1198 1206 1247 pugnari
1244 1210 1351 1246 posse

163 1265 398 1314 apparuisset
428 1277 482 1310 co,
505 1264 605 1312 quod
633 1263 687 1299 M.
707 1262 904 1298 Minucius
923 1263 1084 1298 absente·
1108 1261 1228 1298 Fabio
1251 1274 1350 1310 pros-

131 1341 145 1362 o
163 1342 250 1378 pere
271 1334 487 1377 pugnasset,
510 1328 604 1363 duas
623 1327 802 1375 legiones,
825 1325 926 1362 hosti
945 1326 994 1361 ad
1013 1325 1152 1361 caedem
1173 1325 1348 1371 obiectas,

163 1394 298 1430 deinde
337 1406 386 1429 ex
423 1392 505 1441 ipsa
543 1391 642 1428 caede
675 1395 835 1440 ereptas,
868 1394 913 1426 ut
946 1394 1054 1438 pater
1091 1394 1352 1438 patronusque

163 1458 431 1507 appellaretur,
458 1457 524 1505 qui
554 1456 659 1505 prius
687 1456 840 1491 vincere
869 1454 1130 1503 prohibuisset
1158 1454 1353 1490 Romanos

132 1540 144 1562 7
162 1536 275 1572 quani
299 1522 410 1558 vinci.
471 1521 656 1557 Consules
675 1520 813 1556 deinde
841 1519 1023 1556 Fabianis
1048 1519 1209 1565 artibus,
1231 1532 1350 1569 quum

163 1587 352 1623 debellare
390 1590 555 1635 possent,
596 1585 739 1620 bellum
778 1583 951 1621 traxisse.
1012 1584 1061 1620 Id
1097 1584 1220 1620 foedus
1251 1583 1355 1620 inter

164 1665 294 1687 omnes
326 1650 471 1686 nobiles
504 1649 635 1694 ictum,
657 1662 727 1684 nec
757 1649 873 1684 finem
902 1652 992 1685 ante
1019 1648 1113 1684 belli
1140 1648 1352 1693 habituros,

163 1729 277 1764 quani
298 1714 491 1751 consulem
510 1727 599 1749 vere
620 1712 823 1761 plebeium,
844 1712 884 1748 id
904 1717 974 1759 est,
995 1713 1190 1749 hominem
1210 1725 1354 1749 novum

132 1792 146 1815 8
164 1781 341 1816 fecissent
358 1793 366 1824 3
401 1792 489 1814 nani
524 1778 691 1827 plebeios
724 1777 872 1813 nobiles
906 1777 981 1812 iam
1011 1777 1153 1813 eisdem
1182 1776 1356 1813 initiatos

164 1858 244 1880 esse
264 1843 379 1880 sacris
408 1849 446 1879 et
475 1847 719 1879 contemnere
746 1842 906 1890 plebem,
929 1854 976 1877 ex
1006 1854 1081 1890 quo
1109 1841 1305 1878 contemni
1331 1854 1357 1878 a

132 1933 147 1957 9
164 1909 338 1958 patribus
384 1907 580 1953 desierint,
621 1906 786 1955 coepisse.
847 1905 920 1943 Oui
967 1918 1046 1941 non
1084 1918 1278 1954 apparere,
1316 1905 1356 1942 id

164 1979 293 2010 actum
324 1979 363 2009 et
392 1972 597 2021 quaesitum
628 1984 719 2018 esse,
747 1975 792 2007 ut
822 1971 1088 2018 interregnum
1114 1970 1291 2018 iniretur,
1313 1973 1358 2006 ut

121 2059 149 2074 10
165 2039 204 2074 in
249 2043 400 2086 patrum
450 2040 640 2085 potestate
686 2035 843 2072 comitia
882 2035 1058 2072 essent?
1090 2034 1138 2071 Id
1184 2034 1358 2071 consules

165 2103 295 2138 ambos
316 2102 363 2138 ad
384 2101 594 2137 exercitum
616 2100 800 2136 morando
820 2100 999 2149 quaesisse
1006 2112 1018 2146 3
1045 2099 1086 2136 id
1105 2104 1246 2148 postea,
1267 2099 1359 2148 quia

165 2167 300 2202 invitis
328 2166 375 2202 iis
401 2165 567 2202 dictator
597 2169 697 2201 esset
726 2165 853 2201 dictus
883 2164 1126 2201 comitiorum
1157 2177 1280 2210 causa,
1297 2177 1359 2200 ex-

166 2236 378 2280 pugnatum
400 2244 491 2275 esse,
513 2239 558 2266 ut
583 2230 747 2266 vitiosus
770 2230 937 2266 dictator
961 2242 1029 2278 per
1054 2241 1218 2278 augures
1237 2229 1355 2265 fieret.

119 2316 146 2332 u
168 2296 324 2331 Habere
362 2295 480 2343 igitur
527 2295 788 2344 interregnum
830 2307 892 2331 eos
905 2307 916 2341 3
959 2294 1198 2330 consulatum
1236 2306 1358 2330 unum
