1455 2454
131 190 180 228 18
650 192 802 230 LII'II

96 300 112 325 6
129 287 342 336 sexaginta,
382 288 523 325 celoces
561 289 771 326 duodecim.
832 289 929 326 Cum
967 290 1027 327 his
1068 292 1315 330 terrestribus

130 352 413 401 maritimisque
432 352 549 401 copiis
568 352 624 390 Ti.
648 353 896 403 Sempronius
915 355 1054 392 missus
1072 355 1115 392 in
1134 355 1316 402 Siciliam,

130 416 187 452 ita
213 416 256 452 in
282 416 459 453 Africam
488 419 793 465 transmissurus,
827 418 860 454 si
887 419 936 455 ad
965 419 1172 458 arcendum
1202 419 1320 457 Italia

98 493 112 517 7
133 479 295 517 Poenum
342 481 474 517 consul
520 482 618 518 alter
663 481 755 518 satis
801 486 910 520 esset.
970 482 1147 520 Cornelio
1190 483 1320 520 minus

130 545 327 594 copiarum
346 545 491 592 datum,
513 547 604 594 quia
624 546 666 583 L.
690 545 864 583 Manlius
890 550 1030 596 praetor
1059 550 1098 584 et
1125 547 1206 596 ipse
1233 559 1320 586 cum

99 618 113 642 8
131 609 235 647 haud
254 610 426 646 invalido
445 610 621 659 praesidio
641 610 683 646 in
704 610 869 647 Galliam
884 611 1111 648 mittebatur
1120 625 1130 658 3
1160 611 1321 648 navium

134 675 302 711 maxime
323 674 502 711 Cornelio
522 687 705 712 numerus
725 676 946 712 deminutus
954 688 964 723 ;
993 676 1194 725 sexaginta
1213 676 1321 725 quin-

132 751 330 788 queremes
369 739 469 776 datae
500 738 638 789 (neque
671 740 774 776 enim
811 740 909 776 mari
938 743 1148 777 venturum
1178 745 1247 777 aut
1277 753 1322 777 ea

132 808 242 852 parte
279 803 372 840 belli
408 803 683 840 dimicaturum
719 803 868 840 hostem
908 802 1127 854 credebant)
1163 807 1202 842 et
1238 803 1323 840 duae

133 868 319 904 Romanae
338 867 506 916 legiones
526 880 612 904 cum
632 880 700 904 suo
725 867 828 904 iusto
854 868 1032 917 equitatu
1060 872 1099 904 et
1126 871 1323 918 quattuor-

132 932 255 968 decim
275 932 447 968 millibus
467 932 655 968 sociorum
681 932 866 981 peditum,
893 932 1088 981 equitibus
1111 932 1218 970 mille
1241 945 1324 969 sex-

99 1015 116 1039 9
134 997 265 1034 centis.
324 996 435 1033 Duas
454 997 623 1045 legiones
644 997 841 1033 Romanas
861 1000 900 1033 et
919 997 1048 1033 decem
1067 997 1190 1035 millia
1209 997 1324 1034 socio-

134 1075 219 1098 rum
241 1061 427 1110 peditum,
449 1062 556 1098 mille
575 1062 724 1110 equites
747 1062 875 1108 socios,
904 1066 1104 1098 sexcentos
1127 1062 1324 1099 Romanos

135 1126 262 1162 Gallia
274 1126 472 1175 provincia
486 1126 617 1163 eodem
631 1139 740 1163 versa
753 1127 792 1163 in
807 1126 998 1163 Punicum
1014 1127 1158 1163 bellum
1173 1126 1321 1165 habuit.

66 1198 115 1236 18
215 1190 293 1227 His
323 1190 380 1226 ita
413 1191 653 1240 comparatis,
690 1195 735 1228 ut
765 1192 894 1227 onmia
923 1192 1025 1227 iusta
1057 1195 1148 1227 ante
1179 1191 1324 1228 bellum

133 1269 265 1305 ‘Asci-ond
274 1269 398 1299 enmassy
426 1256 573 1302 fierent,
594 1255 739 1304 legatos
761 1255 923 1292 maiores
950 1258 1056 1302 natu,
1080 1255 1124 1301 Q.
1147 1255 1322 1302 Fabium,

132 1301 399 1359 ἰῗέἓὶὶὲἑῧὲἓῖἓῗῆἷὲἳξ
427 1319 483 1356 M.
515 1319 683 1365 Livium,
718 1319 760 1356 L.
794 1319 1012 1365 AEmffium,
1045 1318 1084 1355 c.
1117 1317 1322 1365 Licinium,

137 1383 180 1428 Q.
205 1383 392 1430 Baebium,
414 1383 455 1419 in
475 1383 651 1420 Africam
672 1383 838 1419 mittunt
860 1383 908 1419 ad
932 1383 1210 1432 percontandos
1237 1382 1325 1420 Car-

134 1448 405 1497 thaginienses,
439 1448 645 1497 publicone
682 1448 841 1484 consilio
872 1447 1075 1483 Hannibal
1108 1446 1324 1495 Saguntum

101 1533 115 1549 2
134 1517 402 1562 oppugnasset,
425 1516 473 1558 et,
496 1512 537 1558 si,
559 1512 598 1548 id
619 1512 721 1561 quod
741 1511 881 1548 facturi
900 1511 1143 1557 videbantur,
1160 1510 1325 1548 fateren-

133 1583 200 1615 tur
223 1591 266 1614 ao
291 1577 543 1614 defenderent
569 1577 723 1626 publico
750 1576 910 1613 consilio
935 1576 1091 1622 factum,
1118 1579 1164 1612 ut
1186 1574 1326 1612 indice-

102 1658 117 1682 3
133 1647 221 1681 rent
240 1643 381 1692 populo
403 1642 712 1690 Carthaginiensi
731 1641 885 1678 bellum.
935 1640 1105 1677 Romani
1123 1644 1324 1689 postquam

135 1708 408 1757 Carthaginem
428 1710 629 1753 venerunt,
652 1718 771 1755 quum
791 1709 947 1742 senatus
967 1705 1080 1741 datus
1100 1708 1199 1740 esset
1219 1708 1258 1740 et
1278 1703 1322 1748 Q.

135 1773 279 1810 Fabius
298 1772 396 1808 nihil
417 1772 520 1808 ultra
545 1783 660 1820 quam
688 1783 820 1816 unum,
853 1769 954 1818 quod
980 1769 1207 1805 mandatum
1231 1772 1323 1814 erat,

134 1840 382 1886 percontatus
419 1840 528 1881 esset,
568 1839 652 1871 tum
691 1847 739 1870 ex
778 1833 1161 1882 Carthaginiensibus
1207 1844 1325 1869 unus:

102 1924 116 1947 4
138 1901 343 1950 “Praeceps
368 1904 507 1946 vestra,
531 1898 710 1944 Romani,
734 1902 773 1934 et
796 1898 902 1947 prior
929 1897 1070 1946 legatio
1097 1896 1183 1943 fuit,
1205 1908 1326 1945 quum

136 1965 402 2002 Hannibalem
432 1968 619 2013 tanquam
652 1975 720 1999 suo
751 1961 911 1999 consilio
940 1961 1157 2010 Saguntum
1185 1972 1327 2009 oppug-

135 2034 293 2066 nantem
315 2028 573 2078 deposcebatis
582 2040 593 2074 3
622 2031 792 2064 ceterum
811 2026 891 2063 haec
905 2025 1046 2074 legatio
1058 2023 1187 2061 verbis
1201 2023 1326 2060 adhuc

105 2108 120 2132 5
136 2094 260 2130 lenior
279 2098 347 2140 est,
369 2105 410 2130 re
435 2092 615 2142 asperior.
672 2091 781 2128 Tunc
809 2090 911 2127 enim
941 2088 1144 2125 Hannibal
1173 2091 1212 2124 et
1237 2086 1327 2123 insi-

136 2158 360 2196 mulabatur
378 2162 418 2195 et
438 2157 713 2206 deposcebatur
722 2169 733 2203 3
763 2167 867 2191 nunc
886 2154 935 2190 ab
954 2153 1065 2190 nobis
1084 2156 1123 2189 et
1142 2151 1327 2188 confessio

137 2223 258 2272 culpae
278 2222 513 2272 exprimitur
532 2225 571 2258 et
591 2224 637 2257 ut
659 2233 681 2256 a
705 2218 886 2256 confessis
914 2230 973 2254 res
1002 2215 1197 2265 extemplo
1223 2228 1328 2264 repe-

105 2297 121 2322 6
138 2291 287 2325 tuntur.
347 2287 429 2335 Ego
460 2290 590 2323 autem
624 2297 715 2332 non,
746 2283 899 2334 privato
932 2280 1136 2332 publicone
1168 2279 1328 2318 consilio
