1403 2438
506 120 678 158 LIBER
714 120 829 159 XXI.
1212 121 1263 158 53

73 230 143 255 nec
161 217 407 255 vexationem
428 218 602 255 vulneris
626 219 666 255 iu
689 219 751 255 via
774 218 907 255 iactati
929 217 1035 255 ultra
1053 218 1204 268 patiens
1223 220 1264 255 et

73 282 256 331 collegam
280 282 372 333 (iam
399 283 503 319 enim
529 287 568 319 et
591 287 812 319 revocatum
835 296 885 320 ex
912 282 1044 320 Sicilia
1069 281 1262 332 audierat)

73 351 180 384 ratus
199 347 510 396 exspectandum,
526 347 651 383 locum
672 347 739 396 qui
755 360 872 395 prope
887 347 1029 384 flumen
1045 347 1263 384 tutissimus

72 411 225 448 stativis
253 415 312 448 est
341 411 458 457 visus,
490 411 681 448 delectum
716 411 953 448 communiit.
1012 411 1097 448 Nec
1131 411 1262 460 procul
1281 424 1296 449 8

73 474 164 512 inde
201 475 404 511 Hannibal
441 488 560 524 quum
598 475 841 520 consedisset,
878 479 1068 524 quantum
1099 475 1264 512 victoria

72 539 241 589 equestri
261 539 396 586 elatus,
413 543 568 575 tantum
587 539 727 576 anxius
742 539 882 588 inopia,
905 552 990 588 quae
1009 552 1078 589 per
1091 539 1262 576 hostium

72 616 182 653 agros
201 608 368 650 euntem,
384 616 575 652 nusquam
594 604 819 653 praeparatis
838 605 1123 650 commeatibus,
1141 604 1264 641 maior

72 667 114 704 in
132 667 213 705 dies
237 667 463 717 excipiebat,
486 668 534 704 ad
560 667 790 704 Clastidium
816 669 956 714 vicum,
978 681 1054 717 quo
1081 681 1263 718 magnum

72 731 259 769 frumenti
285 745 490 770 numerum
520 737 789 781 congesserant
815 733 993 780 Romani,
1015 733 1149 770 mittit,
1198 733 1263 770 Ibi
1280 745 1296 769 9

72 809 192 846 quum
222 797 302 833 vim
332 801 525 846 pararent,
556 809 641 846 spes
670 797 772 834 facta
796 797 1049 846 proditionis3
1077 810 1263 835 necsane

71 873 211 910 magno
247 861 383 910 pretio,
421 861 591 898 nummis
627 861 754 898 aureis
800 861 1104 910 quadringentis,
1142 861 1264 898 Dasio

72 923 311 961 Brundisino
339 925 519 974 praefecto
542 925 710 974 praesidii
737 930 928 974 corrupto,
957 925 1126 962 traditur
1154 925 1264 962 Han-

71 988 194 1025 nibali
214 988 455 1026 Clastidium.
514 989 563 1025 Id
589 989 768 1026 horreum
790 990 866 1026 fuit
886 989 1017 1026 Poenis
1036 990 1261 1026 sedentibus

71 1052 120 1088 ad
139 1052 325 1090 Trebiam.
385 1053 433 1089 In
453 1054 626 1101 captivos
645 1066 695 1090 ex
714 1054 859 1090 tradito
885 1054 1073 1103 praesidio,
1094 1057 1140 1090 ut
1158 1053 1262 1090 fama
1281 1073 1314 1090 ιο

71 1117 283 1153 clementiae
310 1117 353 1153 in
377 1117 569 1167 principio
594 1130 724 1154 rerum
750 1118 1003 1167 colligeretur,
1029 1118 1128 1154 nihil
1155 1118 1262 1155 saevi-

70 1184 155 1228 tum
175 1185 242 1219 est.

152 1245 283 1290 Quum
303 1246 351 1282 ad
370 1246 550 1283 Trebiam
570 1249 750 1283 terrestre
776 1247 1010 1284 constitisset
1028 1247 1185 1295 bellum,
1204 1246 1261 1284 in-
1279 1250 1329 1288 49

71 1309 185 1346 terim
205 1303 306 1347 circa
325 1310 496 1347 Siciliam
515 1312 738 1361 insulasque
766 1312 969 1348 imminen-

70 1365 132 1412 tes
162 1378 201 1411 et
228 1387 251 1411 a
281 1374 508 1424 Sempronio
536 1375 692 1412 consule
721 1379 760 1412 et
787 1379 878 1412 ante
905 1376 968 1412 ad-

997 1340 1156 1366 Meanwhile
1173 1348 1189 1366 a
1207 1341 1262 1366 Pu-

996 1372 1037 1395 nic
1060 1371 1122 1396 fleet
1148 1374 1207 1396 sent
1232 1374 1261 1397 ιο
1307 1392 1310 1394 r

996 1408 1080 1437 sxyecp
1093 1403 1137 1427 the
1149 1404 1224 1428 coast
1234 1402 1264 1430 αῖ

70 1443 233 1476 ventum
270 1439 353 1476 eius
389 1443 494 1476 terra
533 1440 707 1489 marique
744 1452 803 1476 res
839 1444 965 1488 gestae.
997 1433 1077 1463 ⁸¹⁶¹*

69 1501 227 1551 Viginti
254 1503 550 1552 quinqueremes
576 1516 663 1540 cum
692 1504 800 1540 mille
829 1504 988 1540 armatis
1020 1504 1070 1540 ad
1097 1503 1261 1553 depopu-
1278 1526 1294 1544 2

69 1566 225 1603 landam
244 1579 349 1603 oram
371 1567 496 1604 Italiae
517 1580 540 1603 a
556 1567 941 1617 Carthaginiensibus
955 1568 1079 1604 missae
1089 1581 1100 1615 3
1121 1581 1260 1606 novem

70 1629 242 1680 Liparas,
272 1634 357 1668 octo
385 1632 434 1668 ad
461 1631 627 1668 insulam
656 1632 826 1668 Vulcani
856 1637 1079 1678 tenuerunt,
1110 1637 1188 1670 tres
1217 1633 1260 1670 in

70 1695 218 1732 fretum
241 1695 385 1732 avertit
412 1699 536 1734 aestus.
595 1697 662 1733 Ad
690 1709 752 1733 eas
778 1701 1000 1746 conspectas
1027 1711 1050 1734 a
1078 1698 1260 1735 Messana
1276 1705 1291 1729 3

69 1759 269 1797 duodecim
284 1772 403 1797 naves
418 1760 466 1797 ab
482 1761 657 1798 Hierone
671 1774 760 1810 rege
775 1761 1103 1810 Syracusanorum
1123 1763 1258 1810 missae,

69 1823 138 1872 qui
164 1827 249 1861 tum
277 1824 376 1862 forte
403 1824 593 1862 Messanae
621 1829 705 1862 erat
730 1825 923 1863 consulem
947 1826 1167 1864 Romanum
1196 1841 1261 1877 op-

69 1888 231 1936 periens,
256 1889 364 1926 nullo
393 1894 634 1939 repugnante
661 1893 791 1939 captas
820 1902 938 1927 naves
968 1891 1189 1928 Messanam
1217 1892 1260 1930 in
1303 1926 1305 1929 .

68 1956 224 2000 portum
257 1953 513 1990 deduxerunt.
585 1954 796 2003 Cognitum
833 1967 882 1991 ex
914 1956 1088 2003 captivis,
1121 1960 1260 2005 praeter
1276 1974 1293 2000 ⁴

68 2016 212 2065 viginti
230 2029 357 2065 naves,
380 2017 489 2054 cuius
508 2018 582 2067 ipsi
608 2018 739 2055 classis
766 2023 906 2066 essent,
928 2019 969 2055 in
990 2019 1146 2056 Italiam
1172 2021 1259 2058 mis-

68 2093 139 2126 sas,
170 2081 342 2130 quinque
369 2085 409 2118 et
435 2083 600 2131 triginta
635 2083 731 2120 alias
761 2083 1056 2132 quinqueremes
1086 2084 1258 2122 Siciliam

71 2149 199 2194 petere
227 2146 276 2182 ad
305 2146 570 2184 sollicitandos
602 2151 752 2184 veteres
783 2148 904 2184 socios
918 2160 930 2194 ;
960 2147 1122 2197 Lilybaei
1151 2161 1259 2187 occu-

70 2209 186 2260 pandi
218 2210 450 2260 praecipuam
480 2224 612 2249 curam
645 2224 751 2259 esse3
790 2212 955 2258 credere,
993 2213 1125 2250 eadem
1163 2217 1257 2252 tem·
1274 2230 1289 2256 ς
