1455 2454
188 177 239 214 50
709 175 860 212 LIVII

187 275 369 324 potienda
397 278 548 323 sperata
572 274 657 321 rati,
680 273 856 322 proelium
878 286 955 310 uno
979 272 1107 310 animo
1126 277 1165 311 et
1185 286 1275 311 voce
1296 287 1372 311 una

187 342 364 386 poscunt.

118 399 167 438 46
265 401 386 450 Apud
414 401 609 437 Romanos
629 400 925 449 haudquaquam
949 403 1059 436 tanta
1079 400 1256 438 alacritas
1276 406 1370 449 erat,

186 474 241 498 'rue
257 473 379 497 Romans
398 473 449 497 dis·
477 478 591 514 super
628 469 754 501 cetera
797 464 1015 501 recentibus
1057 465 1175 501 etiam
1215 465 1372 503 territos

152 544 166 560 2
185 504 318 559 ἓῗέιέἓὲοᾱ
346 504 379 534 by
400 504 449 528 the
478 529 683 578 prodigiis3
711 541 801 564 nam
821 532 860 565 et
879 529 993 577 lupus
1012 528 1227 565 intraverat
1246 533 1372 566 castra

184 593 416 642 laniatisque
442 593 566 629 obviis
599 594 679 641 ipse
718 592 888 629 intactus
918 597 1105 638 evaserat,
1135 597 1174 629 et
1207 606 1370 630 examen

150 668 165 691 3
184 670 299 706 apum
325 657 366 694 in
391 658 525 693 arbore
544 657 723 705 praetorio
742 657 968 693 imminente
989 657 1220 694 consederat.
1279 657 1371 702 Qui-

185 722 254 759 bus
282 722 506 771 procuratis,
539 721 666 770 Scipio
695 734 781 758 cum
810 722 986 770 equitatu
1016 722 1368 770 iaculatoribusque

183 785 372 834 expeditis
408 785 602 834 profectus
639 784 686 820 ad
724 788 848 820 castra
877 785 1046 820 hostium
1074 797 1124 820 ex
1153 784 1369 833 propinquo

183 848 390 896 copiasque,
410 852 562 896 quantae
583 851 622 884 et
641 848 749 884 cuius
767 849 918 896 generis
945 852 1082 893 essent,
1107 847 1366 896 speculandas,

182 913 318 949 obvius
354 913 400 948 fit
432 912 650 948 Hannibali
683 916 721 948 et
757 912 831 960 ipsi
865 924 952 948 cum
985 912 1182 961 equitibus
1219 912 1269 948 ad
1305 924 1369 948 ex-

149 993 163 1015 4
182 977 369 1025 ploranda
401 976 500 1013 circa
530 976 612 1012 loca
639 989 845 1024 progresso.
905 976 946 1013 N
949 976 1051 1014 eutri
1073 976 1215 1012 alteros
1243 975 1368 1025 primo

181 1040 412 1087 cernebant3
440 1039 592 1076 densior
615 1039 753 1076 deinde
778 1040 928 1076 incessu
957 1045 1014 1077 tot
1036 1039 1236 1076 hominum
1256 1052 1368 1088 equo-

181 1115 339 1150 rumque
358 1102 483 1139 oriens
503 1102 630 1151 pulvis
651 1102 802 1151 signum
829 1102 1173 1151 propinquantium
1195 1101 1365 1138 hostium

180 1167 266 1203 fuit.
328 1166 514 1203 Consistit
536 1170 743 1215 utrumque
770 1179 917 1215 agmen,
940 1170 979 1202 et
1005 1166 1053 1202 ad
1082 1165 1258 1214 proelium
1286 1177 1367 1201 sese

147 1242 162 1266 s
180 1231 444 1279 expediebant.
504 1230 630 1279 Scipio
660 1230 889 1266 iaculatores
918 1234 957 1266 et
990 1229 1121 1265 Gallos
1147 1228 1294 1277 equites
1323 1227 1366 1263 in

178 1293 305 1330 fronte
352 1294 463 1340 locat,
515 1294 711 1330 Romanos
762 1294 1026 1342 sociorumque
1070 1294 1172 1343 quod
1217 1294 1366 1331 roboris

177 1357 264 1403 fuit,
298 1357 341 1393 in
373 1358 561 1394 subsidiis.
622 1358 824 1394 Hannibal
853 1358 1021 1394 frenatos
1046 1360 1195 1407 equites
1220 1359 1259 1395 in
1288 1372 1364 1395 me-

145 1437 161 1460 t>
178 1420 284 1457 dium
303 1421 452 1470 accipit,
471 1434 613 1457 cornua
629 1422 813 1458 Numidis
828 1422 964 1458 firmat.
1012 1422 1187 1458 Vixdum
1201 1422 1365 1459 clamore

177 1484 338 1531 sublato,
365 1485 592 1521 iaculatores
618 1486 801 1534 fugerunt
826 1485 929 1522 inter
957 1486 1129 1522 subsidia
1156 1487 1205 1523 ad
1233 1499 1364 1526 secun-

178 1548 264 1584 dam
289 1549 415 1585 aciem.
467 1549 565 1585 Inde
591 1549 765 1597 equitum
793 1553 985 1585 certamen
1013 1554 1096 1586 erat
1123 1549 1363 1599 aliquamdiu

177 1625 315 1660 anceps
330 1626 340 1659 5
371 1613 460 1649 dein
483 1613 575 1662 quia
596 1613 804 1649 turbabant
825 1626 940 1662 equos
960 1613 1108 1662 pedites
1127 1613 1360 1660 intermixti,

176 1675 310 1710 multis
338 1675 557 1711 labentibus
577 1688 624 1711 ex
645 1676 753 1723 equis
780 1680 848 1712 aut
874 1676 1151 1723 desilientibus,
1181 1676 1248 1712 ubi
1275 1690 1362 1713 suos

175 1739 298 1787 premi
326 1738 606 1776 circumventos
632 1740 831 1784 vidissent,
852 1741 928 1776 iam
953 1753 1092 1789 magna
1115 1753 1164 1776 ex
1183 1745 1294 1788 parte
1313 1741 1362 1776 ad

176 1801 289 1850 pedes
314 1814 443 1850 pugna
469 1807 637 1848 venerat,
663 1802 782 1838 donec
808 1802 848 1838 N
853 1803 1000 1847 umidae,
1023 1802 1091 1850 qui
1113 1802 1155 1837 in
1181 1802 1361 1839 cornibus

176 1869 294 1909 erant,
327 1865 575 1901 circumvecti
608 1865 766 1913 paulum
796 1866 844 1901 ab
877 1869 984 1914 tergo
1021 1878 1060 1902 se
1090 1866 1360 1903 ostenderunt.

143 1937 157 1960 7
176 1928 215 1963 Is
246 1941 365 1976 pavor
394 1928 559 1977 perculit
593 1929 799 1974 Romanos,
833 1928 1020 1977 auxitque
1056 1941 1238 1977 pavorem
1275 1942 1354 1965 con·

175 1990 267 2026 sulis
297 1991 439 2028 vulnus
477 1991 776 2040 periculumque,
808 1991 1027 2027 intercursu
1063 1995 1150 2028 tum
1187 1992 1358 2039 primum

142 2071 157 2097 8
175 2084 221 2102 are
238 2078 351 2102 worstod
373 2078 398 2102 in
422 2085 438 2102 a
467 2054 710 2103 pubescentis
740 2054 811 2090 filii
835 2055 1113 2103 propulsatum.
1172 2055 1252 2092 Hic
1277 2059 1359 2092 erat

174 2109 439 2170 ,εζξῖἶὲὶῖιῗιξξζξξζ
466 2118 628 2164 iuvenis,
644 2130 760 2167 penes
780 2131 893 2166 quem
913 2118 1073 2167 perfecti
1090 2117 1249 2156 huiusce
1266 2118 1359 2155 belli

174 2169 314 2199 wounded,
464 2182 549 2219 laus
569 2186 636 2228 est,
654 2182 865 2219 Africanus
885 2183 932 2218 ob
953 2182 1141 2232 egregiam
1156 2183 1360 2220 victoriam

140 2263 158 2289 9
175 2243 222 2281 de
267 2244 489 2283 Hannibale
535 2245 741 2295 Poenisque
777 2246 1001 2295 appellatus.
1077 2246 1187 2295 Fuga
1228 2247 1359 2283 tamen
