1455 2454
161 191 211 228 58
681 186 835 224 LIVII

161 300 260 334 eum,
299 287 428 323 animo
461 285 583 334 magis
619 297 735 334 quam
773 295 929 331 corpore
966 295 1121 331 aegrum,
1162 282 1347 320 memoria

129 366 144 391 3
161 350 331 386 vulneris
363 350 481 386 aciem
520 361 564 384 ac
596 348 674 384 tela
699 347 863 384 horrere.
935 346 1011 383 Sed
1038 359 1116 382 non
1145 360 1224 385 esse
1257 361 1344 386 011111

159 426 259 462 aegro
288 413 570 449 senescendum.
630 411 733 456 Quid
753 412 852 447 enim
885 410 989 447 ultra
1012 410 1160 447 differri
1179 415 1247 448 aut
1272 412 1347 448 teri

159 477 335 525 tcmpusl
373 489 485 525 quem
517 475 677 512 tertium
709 475 915 522 consulem,
946 487 1061 523 quem
1092 475 1211 511 alium
1241 487 1347 512 exer-

127 561 141 583 4
160 540 278 576 citum
299 540 536 589 exspectaril
591 539 727 576 Castra
755 538 1134 588 Carthaginiensium
1162 539 1204 575 in
1228 538 1347 575 Italia

158 618 201 641 ac
234 617 351 653 prope
380 604 422 640 in
453 608 658 653 conspectu
688 603 794 640 urbis
824 615 914 640 esse.
978 603 1071 639 Non
1100 603 1270 639 Siciliam
1303 615 1347 640 ac

160 666 389 713 Sardiniam,
428 667 542 703 victis
580 667 790 714 ademptas,
830 679 898 702 nec
936 665 990 702 015
1029 665 1223 702 Hiberum
1254 665 1347 702 His-

158 730 312 779 paniam
343 731 433 779 peti,
462 731 528 767 sed
560 730 638 767 solo
668 730 794 779 patrio
826 733 1017 778 terraque,
1049 729 1091 765 in
1119 742 1195 778 qua
1222 729 1344 778 geniti

127 812 141 835 5
159 794 294 840 forent,
321 794 414 843 pelli
442 794 647 830 Romanos.
712 794 948 838 “Quantum
977 793 1262 841 ingemiscant''
1291 793 1348 829 in-

158 858 245 905 quit
275 860 436 906 “patres
467 858 601 904 nostri,
633 858 733 894 circa
761 857 902 893 moenia
931 857 1178 906 Carthaginis
1202 857 1346 894 bellare

157 921 273 967 soliti,
294 921 325 957 51
354 921 512 957 videant
540 934 620 967 nos,
650 922 871 970 progeniem
900 934 1021 968 suam,
1050 922 1145 958 duos
1173 921 1347 960 consules

157 985 448 1034 consularesque
469 986 672 1033 exercitus,
694 986 736 1022 111
756 987 882 1023 media
902 986 1020 1024 Italia
1039 991 1223 1036 paventes
1241 987 1347 1026 intra

157 1054 290 1097 castra,
328 1050 501 1097 Poenum,
544 1050 645 1099 quod
683 1051 787 1087 inter
823 1050 948 1100 Alpes
986 1051 1347 1101 Appenninumque

126 1113 239 1161 tagri
272 1113 334 1159 sit,
369 1126 446 1150 suae
473 1113 634 1150 dicionis
667 1113 848 1150 fecisse?
909 1114 1008 1151 Haec
1041 1114 1212 1151 assidens
1244 1127 1347 1163 aegro

157 1178 319 1226 collegae,
341 1178 419 1214 haec
439 1179 480 1214 111
506 1179 685 1227 praetorio
715 1182 833 1228 prope
860 1178 1195 1215 contionabundus
1221 1191 1344 1227 agere.

157 1241 392 1277 Stimulabat
417 1246 457 1278 et
482 1247 634 1290 tempus
659 1243 919 1291 propinquum
946 1242 1202 1288 comitiorum,
1228 1255 1278 1279 ne
1303 1242 1346 1279 in

156 1318 276 1342 novos
296 1306 469 1343 consules
485 1306 628 1342 bellum
644 1306 876 1352 differretur,
895 1311 933 1342 et
953 1306 1096 1342 occasio
1112 1306 1152 1342 in
1168 1319 1208 1343 se
1222 1319 1342 1342 unum

125 1387 139 1411 7
157 1371 351 1407 vertendae
376 1371 517 1420 gloriae,
545 1372 636 1408 dum
663 1385 762 1420 aeger
789 1372 933 1420 collega
958 1376 1049 1408 erat.
1109 1371 1261 1421 Itaque,
1282 1385 1349 1408 ne-

156 1434 360 1483 quicquam
387 1435 638 1472 dissentiente
660 1435 849 1481 Cornelio,
869 1436 997 1485 parari
1017 1437 1066 1472 ad
1084 1437 1346 1486 propinquum

155 1503 349 1535 certamen
368 1500 510 1537 milites
529 1501 647 1538 iubet.

236 1563 441 1600 Hannibal
455 1578 585 1613 quum,
603 1565 697 1614 quid
712 1565 900 1614 optimum
917 1565 1015 1601 foret
1029 1564 1142 1610 hosti,
1159 1569 1342 1612 cerneret,

153 1642 207 1666 and
233 1643 325 1666 2110va
352 1642 420 1666 him-
447 1631 513 1666 vix
543 1631 662 1667 ullam
700 1643 805 1679 spem
838 1631 1013 1676 habebat,
1048 1633 1192 1667 temere
1228 1634 1345 1678 atque

154 1673 212 1727 11111)
223 1673 418 1747 553138ιὲἷῆἔῖ
446 1695 659 1744 improvide
703 1695 907 1744 quicquam
951 1695 1123 1731 0011511105
1168 1698 1344 1741 acturos,

123 1776 138 1801 g
153 1734 330 1793 Igffiffaemm
344 1734 419 1757 Han-
446 1772 566 1808 quum
596 1759 755 1796 alterius
780 1759 989 1808 ingenium,
1016 1758 1119 1794 fama
1142 1758 1259 1807 prius,
1283 1758 1345 1794 de-

153 1822 244 1859 inde
269 1836 310 1860 re
336 1824 545 1872 cognitum,
576 1823 764 1872 percitum
803 1835 847 1859 ac
882 1823 992 1859 ferox
1024 1822 1138 1859 sciret
1169 1835 1262 1868 esse,
1293 1822 1345 1858 fe-

152 1887 352 1935 rociusque
379 1887 523 1924 factum
552 1899 730 1935 prospero
750 1899 838 1922 cum
856 1886 1136 1934 praedatoribus
1163 1885 1344 1923 suis-cer-

153 1950 300 1986 tamine
334 1951 517 1998 crederet,
548 1951 678 1987 adesse
707 1952 883 1999 gerendae
920 1951 977 1987 rei
1009 1951 1205 1987 fortunam
1237 1949 1342 1988 haud

120 2024 135 2048 9
153 2013 359 2050 diffidebat.
420 2014 541 2050 Cuius
560 2027 609 2050 ne
629 2014 730 2063 quod
753 2015 1069 2064 praetermitteret
1087 2019 1250 2064 tempus,
1271 2015 1343 2051 sol-

153 2076 282 2113 licitus
303 2078 555 2126 intentusque
576 2082 669 2123 erat,
691 2078 783 2114 dum
807 2078 883 2115 tiro
905 2078 1076 2114 hostium
1101 2079 1211 2116 miles
1229 2083 1338 2126 esset,

152 2140 244 2176 dum
263 2140 459 2177 meliorem
479 2153 529 2177 ex
547 2141 708 2177 ducibus
723 2141 902 2177 inutilem
917 2141 1058 2178 vulnus
1076 2141 1229 2187 faceret,
1246 2141 1340 2179 dum

104 2216 135 2234 τε
153 2203 352 2241 Gallorum
380 2204 501 2240 animi
524 2205 711 2253 vigerent,
745 2218 908 2254 quorum
937 2206 1135 2254 ingentem
1162 2205 1341 2241 multitu-

151 2270 281 2309 dinem
313 2270 457 2308 sciebat
489 2271 642 2321 segnius
668 2275 900 2319 secuturam,
932 2275 1078 2322 quanto
1107 2271 1259 2321 longius
1286 2271 1336 2309 ab
