1434 2402
177 144 228 183 gf,
696 138 846 176 LJVJJ

178 246 333 291 grarent
352 254 482 277 onmes
503 238 668 287 regionis
688 237 781 282 cius,
798 250 873 286 qua
889 237 1014 272 iturus
1031 235 1232 271 Hannibal
1247 237 1358 280 esset,

178 307 289 343 tectis
321 306 426 354 prius
456 304 622 340 incensis
653 315 695 338 ac
728 301 903 350 frugibus
941 300 1141 349 corruptis,
1172 312 1222 336 ne
1249 299 1360 336 cuius

146 388 160 413 5
179 372 233 406 rei
266 370 373 418 copia
407 372 516 413 esset,
548 368 629 416 ipse
662 367 726 402 via
762 365 952 401 Flaminia
982 364 1173 413 profectus
1207 364 1360 401 obviam

177 434 321 471 consuli
342 434 599 481 exercituque,
622 444 740 480 quum
761 431 808 466 ad
829 429 997 466 Tiberim
1017 429 1117 465 circa
1137 427 1360 465 Ocriculum

178 498 434 548 prospexisset·
460 509 596 546 agmen
620 495 892 543 consulemque
917 507 1005 531 cum
1031 492 1228 542 equitibus
1251 491 1300 529 ad
1322 504 1363 529 se

178 561 497 611 progredientem,
518 560 708 596 viatorem
732 558 851 603 misit,
877 558 944 607 qui
970 557 1119 594 consuli
1146 555 1360 601 nuntiaret,

143 637 158 660 ⁶
178 630 223 662 ut
250 626 332 662 sine
362 624 562 661 lictoribus
590 623 639 660 ad
665 623 893 659 dictatorem
922 622 1082 658 veniret.
1143 620 1222 666 Qui
1241 631 1360 668 quum

178 690 279 726 dicto
299 689 497 738 paruisset,
519 699 819 736 congressusque
835 698 967 722 eorum
985 686 1184 734 ingentem
1199 683 1362 733 speciem

178 754 379 791 dictaturae
408 753 509 801 apud
543 752 646 788 cives
677 751 873 800 sociosque
906 754 1103 787 vetustate
1131 749 1210 786 iam
1244 760 1362 797 prope

177 818 314 854 oblitos
345 819 426 854 eius
463 816 615 866 imperii
652 815 813 861 fecisset,
855 815 997 852 litterae
1027 815 1076 850 ab
1109 814 1206 850 urbe
1235 813 1362 850 allatae

176 887 277 928 sunt,
309 894 424 918 naves
462 881 655 918 onerarias
688 884 945 917 commeatum
975 880 1024 915 ab
1056 878 1168 916 Ostia
1195 878 1238 914 in
1272 877 1364 914 His-

175 947 328 996 paniam
356 947 404 983 ad
427 947 641 983 exercitum
666 948 867 995 portantes
893 958 916 980 a
940 944 1058 981 classe
1086 943 1235 980 Punica
1260 942 1362 979 circa

144 1027 161 1052 ⁷
176 1015 329 1061 portum
352 1011 541 1048 Cosanum
562 1015 692 1060 captas
711 1023 801 1047 esse.
853 1010 994 1058 Itaque
1013 1008 1209 1057 extemplo
1229 1007 1362 1045 consul

177 1106 231 1131 and
258 1108 285 1130 to
312 1106 438 1136 despatch
468 1075 618 1112 Ostiam
637 1074 826 1124 proficisci
844 1074 981 1120 iussus,
1004 1073 1257 1122 navibusque,
1277 1084 1363 1121 quae

177 1137 440 1196 ffiffitcg'g‘ffdafgt'gh‘g
467 1140 515 1176 ad
545 1140 678 1176 urbem
718 1138 935 1175 Romanam
966 1143 1035 1174 aut
1067 1138 1186 1175 Ostiae
1223 1141 1361 1184 essent,

177 1200 272 1222 ⁰⁰³⁵‘3'
467 1204 666 1253 completis
693 1203 816 1240 milite
845 1215 887 1239 ac
911 1203 1115 1240 navalibus
1137 1202 1260 1249 sociis,
1282 1215 1361 1251 per-

143 1280 160 1306 8
177 1270 284 1318 sequi
308 1270 478 1306 hostium
498 1269 657 1305 classem
675 1280 719 1305 ac
738 1268 854 1304 litora
874 1267 1000 1304 Italiae
1021 1267 1153 1304 tutari.
1213 1267 1361 1316 Magna

176 1334 235 1369 vis
263 1333 463 1369 hominum
491 1332 705 1382 conscripta
729 1332 863 1369 Romae
890 1336 975 1368 erat
988 1346 999 1379 3
1030 1332 1207 1369 libertini
1229 1333 1359 1380 etiam,

176 1397 315 1446 quibus
343 1397 455 1434 liberi
484 1400 612 1433 essent
640 1400 679 1433 et
706 1396 1016 1444 aetasmihtaris,
1046 1397 1089 1433 in
1117 1397 1236 1434 verba
1260 1387 1361 1435 ¹iura-

143 1477 160 1503 9
177 1467 325 1499 verant.
375 1462 436 1498 Ex
454 1461 525 1497 hoc
544 1462 693 1498 urbano
713 1461 898 1508 exercitu,
915 1462 983 1510 qui.
1001 1460 1170 1498 minores
1189 1462 1362 1512 quinque

177 1531 218 1564 et
239 1526 398 1575 triginta
424 1526 536 1563 annis
562 1530 683 1572 erant,
705 1526 747 1562 in
765 1538 885 1562 naves
903 1525 1088 1575 impositi,
1109 1525 1189 1574 alii,
1209 1530 1256 1563 ut
1274 1526 1361 1563 urbi

177 1591 436 1641 praesiderent,
466 1591 598 1628 relicti.

110 1657 158 1693 12
258 1647 445 1701 Dictator,
467 1656 639 1691 exercitu
659 1655 826 1692 consulis
845 1659 1001 1704 accepto
1020 1668 1044 1692 a
1063 1654 1205 1692 Fulvio
1225 1655 1362 1692 Flacco

177 1742 220 1767 ne
234 1743 296 1767 then
312 1742 439 1766 marched
467 1719 603 1768 legato,
639 1732 708 1768 per
737 1732 874 1769 agrum
904 1719 1093 1756 Sabinum
1123 1720 1256 1763 Tibur,
1285 1732 1362 1770 quo

177 1774 337 1828 {Yanffiffivs
354 1773 441 1833 ζ’ᾇῗγξξ
468 1783 570 1820 diem
606 1783 654 1820 ad
691 1784 1001 1821 conveniendum
1038 1784 1214 1821 edixerat
1251 1785 1362 1822 novis

144 1863 158 1880 2
177 1840 229 1859 ’Ἥ
245 1834 346 1864 ‘maed'
468 1847 667 1894 militibus,
682 1849 799 1886 venit.
849 1848 950 1885 Inde
963 1849 1159 1886 Praeneste
1177 1862 1221 1887 ac
1239 1853 1361 1887 trans-

176 1913 296 1948 versis
324 1912 513 1948 limitibus
541 1913 582 1948 iu
605 1912 709 1949 viam
734 1913 917 1950 Latinam
945 1917 1005 1951 est
1029 1926 1215 1963 egressus,
1244 1914 1358 1961 unde,

176 1976 379 2013 itineribus
399 1990 549 2013 summa
568 1990 655 2014 cum
671 1990 762 2014 cura
776 1978 997 2027 exploratis,
1011 1979 1061 2016 ad
1074 1979 1225 2016 hostem
1241 1979 1358 2026 ducit,

176 2039 284 2075 nullo
318 2039 410 2086 loco,
440 2039 515 2076 nisi
543 2044 734 2088 quantum
763 2041 971 2078 necessitas
1001 2045 1164 2091 cogeret,
1193 2042 1361 2079 fortunae

145 2118 160 2142 3
176 2115 215 2139 se
241 2103 520 2141 commissurus.
582 2105 667 2149 Quo
691 2105 860 2153 primum
880 2105 941 2142 die
960 2106 1066 2143 haud
1084 2106 1218 2156 procul
1239 2106 1360 2156 Arpis

175 2166 216 2203 in
240 2172 445 2215 conspectu
469 2168 639 2205 hostium
666 2169 797 2218 posuit
824 2175 960 2218 castra,
987 2171 1098 2208 nulla
1119 2164 1228 2209 mora
1245 2171 1358 2218 faeta,

176 2230 267 2280 quin
302 2231 444 2268 Poenus
472 2233 650 2269 educeret
677 2234 719 2270 in
747 2234 867 2271 aciem
899 2235 1124 2286 copiamque
1161 2235 1358 2286 pugnandi
