1434 2402
149 77 221 113 122
668 71 819 109 LIVII

145 174 392 223 sequentibus
426 171 659 220 primoribus
687 174 842 219 patrum
859 184 869 217 3
910 170 1103 218 plebeium
1140 169 1334 207 consulem

144 252 212 275 sua
239 238 364 286 plebes
384 242 595 286 prosecuta,
619 235 734 271 turba
753 234 1004 283 conspectior,
1025 247 1144 284 quum
1165 235 1336 284 dignitas

436 301 593 337 deesset.
642 299 703 336 Ut
722 300 764 335 in
783 302 909 335 castra
923 303 1126 345 venerunt,
1143 299 1335 347 permixto

114 327 126 348 5
146 333 279 357 Hanuibal
290 333 324 355 ho
345 333 407 356 esto

144 339 407 393 t⁰¹¹¹9ffl¹⁰R⁰¹¹³¹¹²¹¹S
436 377 535 400 novo
564 364 737 400 exercitu
765 376 808 399 ac
835 367 975 408 vetere,
997 363 1133 399 castris
1156 363 1333 400 bifariam

194 409 200 417 .
239 393 338 417 veneral
362 400 407 417 eu-
1336 418 1339 419 γ

144 396 291 454 ζ’ἒὲἓῑὲωη*
438 429 557 474 factis,
595 433 638 464 ut
685 440 785 464 nova
826 427 977 464 minora
1015 431 1142 463 essent
1179 428 1336 477 propius

148 493 422 539 Hannibalem,
453 494 494 530 in
530 493 723 529 veteribus
750 492 872 528 maior
900 504 988 541 pars
1012 496 1051 528 et
1077 504 1190 528 omne
1218 492 1336 528 robur

112 575 127 597 6
143 558 286 594 virium
314 562 424 603 esset,
453 558 652 594 consulum
682 557 776 593 anni
802 557 940 606 prioris
966 557 1021 593 M.
1044 556 1227 603 Atilium,
1248 562 1335 594 aeta—

144 627 219 659 tem
259 627 519 669 excusantem,
562 622 726 657 Romam
765 622 965 668 miserunt,
1006 621 1213 658 Geminum
1253 621 1334 659 Ser-

143 687 281 723 vilium
306 687 348 723 in
371 687 585 723 minoribus
608 687 743 722 castris
763 686 905 735 legioni
927 686 1111 722 Romanae
1131 690 1170 723 et
1189 687 1333 723 socium

112 779 128 801 7
143 752 315 801 peditum
332 752 584 800 equitumque
599 751 748 787 duobus
764 751 935 787 millibus
950 751 1175 800 praeficiunt.
1228 751 1334 788 Han-

144 815 248 853 nibal
279 828 498 865 quanquam
530 820 639 864 parte
668 815 829 851 dimidia
855 819 987 852 auctas
1012 815 1182 852 hostium
1207 815 1334 865 copias

142 880 333 927 cernebat,
373 884 504 916 tamen
545 881 717 916 adventu
765 880 966 916 consulum
1014 880 1109 917 mire
1155 881 1331 930 gaudere.

110 957 124 982 8
142 945 232 981 Non
259 945 383 981 solum
409 945 512 981 enim
540 944 637 980 nihil
662 958 710 981 ex
736 945 858 994 raptis
877 945 917 980 in
938 945 1039 981 diem
1059 945 1334 982 commeatibus

144 1011 361 1058 superabat,
402 1010 466 1045 sed
507 1023 553 1046 ne
591 1010 694 1046 unde
732 1013 883 1059 raperet
920 1010 1087 1058 quidem,
1127 1011 1332 1059 quicquam

145 1074 283 1123 reliqui
313 1078 404 1120 erat,
436 1074 542 1110 omni
571 1074 742 1123 undique
771 1074 967 1111 frumento
1004 1079 1211 1124 postquam
1244 1088 1335 1124 ager

108 1161 123 1185 9
140 1151 277 1187 parum
307 1143 416 1174 tutus
446 1142 539 1185 erat,
570 1139 611 1174 in
639 1139 753 1175 urbes
782 1139 954 1175 munitas
980 1143 1172 1184 convecto,
1201 1144 1245 1175 ut
1265 1139 1333 1175 vix

139 1203 269 1240 decem
289 1203 449 1249 dierum,
471 1203 574 1252 quod
594 1207 833 1252 compertum
853 1209 985 1251 postea
1003 1207 1072 1248 est,
1094 1204 1332 1240 frumentum

140 1272 364 1316 superesset,
382 1267 725 1317 Hispanorumque
740 1268 789 1304 ob
809 1267 978 1316 inopiam
1000 1268 1179 1304 transitio
1199 1273 1334 1317 parata

139 1332 267 1378 fuerit,
289 1332 322 1369 si
342 1332 546 1369 maturitas
567 1337 785 1381 temporum
804 1336 1027 1381 exspectata
1046 1332 1157 1369 foret.

72 1398 119 1434 41
221 1397 403 1434 Ceterum
424 1398 637 1434 temeritati
659 1397 825 1434 consulis
845 1409 888 1434 ac
911 1410 1153 1447 praepropero
1176 1397 1332 1447 ingenio

431 1462 632 1498 materiam
647 1463 764 1498 etiam
778 1463 935 1498 fortuna
950 1462 1066 1507 dedit,
1083 1462 1184 1512 quod
1195 1462 1237 1498 in
1250 1459 1332 1511 pro-

139 1501 166 1518 es
186 1494 261 1519 eciall
335 1495 403 1518 after

139 1501 202 1555 ‘¹¹25'
230 1501 283 1549 hag
309 1525 404 1554 gained
432 1526 608 1562 hibendis
629 1527 907 1576 praedatoribus
927 1527 1183 1564 tumultuario
1198 1527 1332 1576 proelio

153 1562 212 1580 ome
227 1562 361 1580 SUCCQSSOS
378 1563 403 1579 ln

139 1563 315 1616 {kirmishing
431 1605 474 1628 ac
500 1603 684 1641 procursu
706 1590 828 1640 magis
848 1590 1017 1627 militum
1037 1603 1154 1640 quam
1174 1603 1223 1627 ex
1241 1604 1332 1640 prae-

139 1659 272 1704 parato
306 1660 375 1692 aut
403 1656 509 1692 iussu
536 1656 813 1704 imperatorum
840 1659 924 1691 orto
944 1645 1241 1705 haudquaquam
1263 1668 1333 1705 par

107 1738 121 1754 2
139 1720 269 1757 Poenis
302 1721 498 1757 dimicatio
532 1721 620 1758 fuitj
677 1720 743 1756 Ad
772 1720 878 1756 mille
905 1725 944 1756 et
970 1720 1204 1769 septingenti
1231 1720 1330 1767 caesi,

142 1798 217 1821 non
256 1785 343 1834 plus
380 1792 537 1822 centum
577 1785 843 1821 Romanorum
881 1785 1146 1834 sociorumque
1183 1785 1326 1822 occisis.

140 1850 318 1886 Ceterum
340 1850 549 1886 victoribus
569 1850 687 1886 effuse
706 1850 957 1898 sequentibus
977 1854 1084 1886 metu
1103 1849 1330 1886 insidiarum

138 1912 290 1950 obstitit
311 1914 456 1951 Paulus
482 1914 626 1961 consul,
649 1914 757 1950 cuius
776 1927 820 1950 eo
849 1914 910 1950 die
941 1914 1046 1964 <nam
1076 1914 1236 1951 alternis
1264 1915 1330 1951 im—

107 1997 120 2019 3
138 1977 373 2028 peritabant)
418 1979 624 2030 imperium
662 1983 754 2025 erat,
796 1978 975 2015 Varrone
1018 1979 1245 2029 indignante
1287 1993 1331 2017 ac

139 2042 383 2089 vociferante,
414 2041 595 2080 emissum
624 2043 773 2080 hostem
797 2056 818 2080 e
850 2044 1029 2081 manibus
1057 2044 1329 2094 debellarique,

107 2130 119 2151 ⁴
138 2107 179 2142 ni
214 2111 402 2144 cessatum
441 2110 549 2154 foret,
589 2109 769 2157 potuisse.
833 2109 1029 2145 Hannibal
1069 2109 1109 2146 id
1146 2110 1331 2146 damnum

138 2170 241 2208 haud
269 2172 464 2220 aegerrime
492 2173 576 2221 pati
587 2187 598 2220 3
627 2173 723 2222 quin
751 2172 880 2222 potius
905 2173 1068 2221 credere,
1097 2174 1207 2211 velut
1232 2174 1330 2220 ines-
