1455 2454
137 148 184 183 68
653 141 717 178 LI
719 141 799 178 VII

136 245 351 282 Tarracone
370 242 517 278 modico
543 240 684 285 relicto,
710 237 911 288 Emporias
937 251 1024 274 cum
1051 238 1169 275 classe
1191 236 1312 276 rediit

106 328 116 345 ς
136 310 314 345 Vixdum
340 307 507 356 digresso
536 318 590 351 eo,
612 303 836 341 Hasdrubal
867 303 1009 349 aderat,
1040 307 1080 340 et
1107 303 1318 352 Ilergetum

136 405 189 430 and
217 403 326 434 musing
352 402 397 426 the
425 370 577 420 populo,
600 369 668 419 qui
696 368 846 405 obsides
875 367 1046 416 Scipioni
1074 367 1242 413 dederat,
1272 366 1319 403 ad

137 437 298 465 ”efge‘esm
308 433 400 462 ‘flou’
429 435 682 472 defectionem
702 433 879 482 impulso,
893 444 981 469 cum
1000 445 1131 468 eorum
1151 431 1320 480 ipsorum

139 504 343 539 iuventute
375 511 485 549 agros
518 498 691 535 fidelium
733 496 918 534 Romanis
955 495 1145 532 sociorum
1181 498 1319 532 vastat.

106 576 120 599 ο
141 567 279 602 Excito
300 564 438 601 deinde
459 563 637 612 Scipione
657 561 838 606 hibernis,
856 564 938 596 toto
959 559 1011 596 cis
1031 559 1223 596 Hiberum
1243 572 1323 595 rur-

138 644 201 667 sus
221 629 323 666 cedit
342 640 440 676 agro.
501 626 628 675 Scipio
655 625 831 661 relictam
851 625 898 661 ab
919 629 1073 661 auctore
1099 622 1325 661 defectionis

139 692 351 740 Ilergetum
388 693 541 738 gentem
579 700 699 737 quum
729 686 870 723 infesto
903 686 1075 722 exercitu
1109 684 1322 735 invasisset,

139 754 345 803 compulsis
364 752 542 789 omnibus
561 751 821 798 Atanagrum,
838 749 985 795 urbem,
1006 761 1090 797 quae
1109 752 1226 798 caput
1244 748 1326 785 eius

109 839 121 860 7
143 819 273 869 populi
293 822 386 863 erat,
409 815 664 861 circumsedit,
682 815 863 863 intraque
882 814 963 850 dies
981 826 1132 862 paucOS‚
1149 812 1327 862 pluribus

143 896 257 932 quam
272 886 362 918 ante
377 880 574 917 obsidibus
586 878 796 927 imperatis,
819 878 1006 928 Ilergetes
1026 879 1190 928 pecunia
1208 879 1326 916 etiam

109 955 122 977 S
141 946 324 983 multatos
343 945 385 981 in
404 944 463 980 ius
483 943 747 991 dicionemque
772 941 927 990 recepit.
987 941 1084 978 Inde
1104 941 1146 978 in
1165 942 1328 978 Auseta-

143 1025 283 1055 hutscipio
293 1024 404 1049 reduces
433 1021 500 1044 nos
521 1020 638 1056 prope
657 1006 863 1052 Hiberum,
881 1006 1001 1042 socios
1020 1010 1060 1043 et
1078 1007 1181 1055 ipsos
1195 1005 1328 1043 Poeno-

142 1058 216 1081 thom
242 1060 270 1080 to
292 1055 405 1080 sulnnis-
709 1072 716 1078 .
1000 1071 1008 1081 ,

143 1088 199 1112 sion
232 1094 263 1111 as
289 1085 406 1110 wellas
435 1086 521 1108 rum
565 1071 748 1121 procedit,
788 1076 905 1119 atque
951 1083 1046 1107 uroe
1089 1083 1222 1107 eorum
1267 1070 1328 1107 ob-

143 1119 187 1142 the
206 1117 337 1141 Ausetani
353 1115 406 1139 and
853 1135 859 1142 ,
883 1135 889 1142 ,
1032 1136 1038 1142 ,
1066 1135 1072 1142 ,
1121 1135 1128 1142 ,

146 1148 268 1173 Laectani.
435 1149 547 1183 sessa,
557 1136 758 1172 Laeet-anos
771 1135 960 1171 aumhum
973 1135 1151 1172 finitimis
1162 1135 1330 1173 ferentes

146 1207 267 1250 nocte,
303 1202 406 1256 haud
434 1200 568 1250 procul
598 1200 675 1236 iam
704 1200 809 1244 urbe,
839 1212 960 1248 quum
995 1199 1142 1236 intrare
1171 1199 1328 1247 vellent,

111 1279 127 1304 9
146 1268 297 1316 excepit
333 1266 494 1302 insidiis.
564 1264 672 1301 Oaesa
709 1265 757 1300 ad
794 1264 995 1300 duodecim
1032 1264 1178 1311 millia;
1220 1266 1331 1302 exuti

147 1343 261 1379 prope
290 1341 419 1365 omnes
449 1328 567 1364 armis
595 1327 727 1363 domos
752 1327 891 1375 passim
921 1326 1097 1375 palantes
1125 1340 1194 1376 per
1220 1340 1332 1377 agros

147 1395 357 1443 diffugere3
386 1406 456 1429 nec
485 1393 654 1429 obsessos
681 1391 757 1428 alia
781 1391 861 1427 ulla
885 1403 945 1427 res
972 1404 1088 1440 quam
1112 1391 1246 1440 iniqua
1271 1405 1333 1441 op-

99 1479 129 1495 10
147 1458 410 1508 pugnantibus
439 1457 562 1494 hiems
590 1457 801 1492 tutabatur.
871 1455 1049 1505 Triginta
1075 1456 1157 1492 dies
1185 1456 1333 1493 obsidio

147 1524 233 1569 fuit,
255 1536 323 1573 per
341 1535 436 1572 quos
462 1534 548 1558 raro
572 1534 744 1570 unquam
770 1520 840 1556 nix
863 1522 990 1557 minus
1009 1525 1197 1570 quattuor
1219 1521 1335 1570 pedes

148 1589 227 1626 alta
256 1588 386 1633 iacuit,
422 1588 592 1636 adeoque
624 1587 774 1635 pluteos
822 1599 865 1623 ac
902 1586 1036 1623 vineas
1068 1587 1334 1624 Romanorum

149 1657 362 1702 operuerat,
391 1656 436 1689 ut
463 1665 507 1689 ea
535 1652 625 1698 sola,
657 1651 811 1700 ignibus
843 1651 1047 1701 aliquoties
1077 1651 1260 1689 coniectis
1286 1653 1336 1689 ab

101 1736 129 1752 11
149 1720 269 1765 hoste,
310 1719 427 1755 etiam
473 1720 737 1754 tutamentum
775 1716 904 1753 fuerit.
981 1716 1179 1753 Postremo
1215 1729 1334 1766 quum

150 1781 360 1819 Amusicus
379 1780 557 1830 princeps
577 1792 708 1816 eorum
722 1780 769 1816 ad
786 1779 1072 1816 Hasdrubalem
1093 1779 1334 1829 profugisset,

151 1845 292 1895 viginti
321 1844 471 1893 argenti
500 1843 661 1880 talentis
687 1843 789 1892 pacti
817 1843 1023 1880 deduntur.
1083 1843 1336 1885 Tarraconem

151 1909 192 1944 in
211 1908 373 1944 hiberna
392 1906 559 1943 reditum
580 1911 647 1942 est.

84 1970 133 2007 62
233 1972 366 2008 Romae
396 1976 465 2008 aut
494 1971 594 2006 circa
626 1970 760 2006 urbem
790 1970 913 2006 multa
941 1982 984 2006 ea
1013 1970 1138 2007 hieme
1165 1970 1340 2020 prodigia

154 2051 290 2075 AtRome
306 2051 351 2074 the
367 2057 417 2074 nu-
444 2036 544 2071 facta
563 2038 642 2081 aut,
664 2035 766 2083 quod
787 2034 942 2071 evenire
965 2035 1062 2071 solet
1084 2035 1200 2072 motis
1223 2034 1340 2072 semel

154 2088 261 2106 merous
295 2084 416 2111 portents
447 2100 454 2106 .

153 2113 416 2167 ffissssedosf'rfiffisnggl
445 2113 486 2135 1n
531 2099 755 2148 religionem
801 2099 952 2143 animis,
991 2099 1116 2136 multa
1159 2099 1341 2137 nuntiata

123 2184 136 2201 2
154 2174 303 2202 solemn-ts.
446 2168 485 2200 et
522 2168 666 2200 temere
710 2163 856 2200 credita
893 2167 993 2210 sunt,
1026 2163 1069 2200 in
1104 2163 1203 2213 quis,
1237 2163 1339 2213 inge-

155 2238 278 2262 nuum
321 2227 509 2264 infantem
552 2232 772 2264 semestrem
817 2228 860 2263 in
898 2228 980 2264 soro
1021 2228 1175 2264 olitorio
1206 2228 1343 2265 trium-
