1455 2454
159 106 208 141 80
671 92 817 131 LIVII

126 225 139 248 ⁷
159 215 349 253 capesseu
378 201 505 247 ἣιὲςιω
530 194 750 244 impulerit3
778 205 876 241 quae
889 190 955 227 ubi
979 189 1167 226 immensa
1190 200 1233 224 ac
1257 186 1341 223 sine

160 281 225 317 spe
244 280 291 303 er:
297 271 333 305 rt
358 268 423 299 -mt
443 259 707 298 deficientibus
726 256 865 293 mimis
884 253 1167 290 hauriebantur
1179 249 1341 301 gurgiti-

162 333 229 368 bus
248 334 313 365 tut
340 326 590 375 nequicquam
615 322 705 359 fessi
724 321 823 357 vada
846 323 949 356 retro
975 317 1172 367 aegerrime
1197 319 1341 365 repete-

162 397 262 439 bant,
285 397 399 440 atque
424 390 479 426 ibi
504 389 552 425 ab
578 387 758 436 ingressis
781 397 918 434 aquam
949 383 1118 419 hostium
1145 380 1342 430 equitibus

127 471 140 495 ε
160 458 298 508 passim
321 455 620 492 trucidabantur.
654 451 730 488 Sex
750 449 871 486 millia
888 449 1007 485 ferme
1027 446 1143 496 primi
1163 444 1340 495 agmini5‚

162 535 226 571 por
257 522 434 557 adversos
467 518 593 554 hostes
631 515 832 564 eruptione
870 512 1032 562 impigre
1070 511 1182 555 facta,
1216 508 1344 559 ignari

160 585 341 629 omnium,
371 595 456 632 quae
485 586 570 631 post
598 593 636 617 se
664 583 878 628 agerentur,
904 590 952 613 ex
981 576 1084 613 saltu
1112 587 1277 620 evasere,
1305 577 1346 610 et

161 663 277 700 quum
300 649 338 684 in
360 647 509 684 tumulo
529 645 693 695 quodam
713 643 990 687 constitissent,
1006 640 1211 677 clamorem
1232 638 1345 675 modo

161 727 202 751 ac
222 725 355 749 sonum
373 723 562 747 almorum
575 709 786 753 audientes,
801 720 887 756 quae
904 707 1060 742 fortuna
1079 717 1217 754 pugnae
1232 707 1343 750 esset,

128 794 144 818 9
162 790 283 826 neque
303 776 396 812 scite
420 786 488 810 nec
511 773 722 822 perspicere
749 784 825 819 prae
853 769 1014 818 caligine
1034 773 1223 818 poterant.
1278 767 1346 822 In·

161 841 302 878 climata
335 838 497 886 denique
535 849 586 883 ie,
622 848 743 884 quum
780 835 1034 871 incalescente
1066 833 1144 870 sole
1175 832 1347 882 dispulsa

163 903 301 941 nebula
326 902 539 951 aperuisset
563 900 676 946 diem,
698 904 785 936 tum
811 899 959 949 liquida
983 899 1061 935 iam
1086 898 1170 935 luce
1195 900 1347 935 montes

161 968 359 1017 campique
379 966 547 1016 perditas
573 977 634 1001 res
660 968 898 1013 stratamque
923 963 1124 1000 ostendere
1148 963 1247 999 foede
1271 962 1347 999 Ro-

116 1049 144 1066 10
162 1044 312 1068 manam
331 1030 460 1066 aciem.
521 1029 661 1078 Itaque
680 1041 728 1065 ne
746 1028 789 1064 in
815 1031 1035 1076 conspectos
1054 1026 1187 1076 procul
1205 1026 1348 1063 immit-

163 1102 308 1133 teretur
333 1106 457 1143 eques,
479 1093 640 1130 sublatis
664 1093 805 1142 raptim
831 1092 960 1141 signis,
981 1103 1096 1140 quam
1122 1087 1349 1128 citatissimo

118 1173 142 1189 ιι
163 1163 340 1210 poterant
359 1158 521 1207 agmine,
543 1171 622 1194 sese
643 1157 905 1206 abripuerunt.
952 1155 1112 1192 Postero
1132 1155 1207 1201 die,
1227 1167 1347 1204 quum

163 1236 277 1273 super
292 1227 417 1260 cetera
437 1228 611 1258 extrema
629 1222 748 1258 fames
767 1221 884 1258 etiam
904 1222 1077 1268 instaret,
1099 1220 1212 1256 fidem
1232 1220 1350 1256 dante

165 1286 399 1332 Maharbale,
421 1286 488 1334 qui
513 1299 600 1322 cum
626 1285 804 1322 omnibus
827 1284 1068 1333 equestribus
1093 1284 1212 1333 copiis
1237 1287 1350 1320 nocte

120 1366 146 1382 12
165 1355 389 1388 consecutus
421 1353 513 1395 erat,
543 1349 574 1385 si
602 1362 709 1385 arma
735 1348 998 1395 tradidissent,
1024 1348 1130 1384 abire
1159 1360 1247 1384 cum
1275 1347 1350 1384 sin-

165 1414 264 1463 gulis
283 1413 524 1450 vestimentis
551 1425 763 1461 passurum,
785 1424 864 1448 sese
890 1411 1147 1458 dediderunt;
1171 1423 1256 1460 quae
1275 1410 1351 1448 Pu-

166 1478 251 1514 nica
280 1476 461 1525 religione
480 1481 630 1513 servata
650 1477 743 1514 fides
763 1477 810 1513 ab
832 1476 1057 1514 Hannibale
1082 1481 1152 1524 est,
1173 1480 1290 1525 atque
1307 1475 1351 1512 in

168 1543 319 1581 vincula
339 1556 468 1580 omnes
488 1544 656 1580 coniecti.

126 1610 148 1647 7
246 1607 342 1644 Haec
361 1612 419 1644 est
438 1608 577 1645 nobilis
592 1608 639 1644 ad
653 1608 957 1646 Trasumennum
971 1622 1102 1659 pugna
1116 1612 1234 1658 atque
1247 1608 1353 1645 inter

168 1683 305 1719 paucas
335 1676 542 1708 memorata
567 1672 701 1721 populi
730 1672 898 1709 Romani
927 1673 1062 1710 clades.
1121 1671 1352 1717 Quindecim

170 1735 290 1771 millia
313 1736 574 1773 Romanorum
602 1737 643 1772 in
671 1736 751 1773 acie
776 1749 895 1783 caesa3
924 1737 1054 1774 decem
1080 1736 1203 1773 millia
1221 1747 1353 1786 spaisa

170 1800 257 1848 fuga
287 1813 354 1848 per
385 1813 535 1837 omnem
568 1800 765 1836 Etruriam
795 1800 957 1838 diversis
984 1800 1192 1838 itineribus
1216 1800 1353 1837 urbem

139 1885 151 1908 3
168 1863 312 1911 petiere
325 1877 336 1909 3
364 1864 439 1899 duo
468 1864 589 1900 millia
617 1864 821 1913 quingenti
849 1865 1017 1902 hostium
1044 1866 1086 1901 in
1114 1865 1206 1912 acie,
1238 1863 1354 1902 multi

169 1931 300 1977 postea
331 1926 545 1980 [utrinque]
579 1940 628 1964 ex
663 1927 884 1966 vulneribus
914 1930 1069 1979 periere.
1139 1929 1355 1979 Multiplex

169 1992 287 2028 caedes
305 1992 488 2040 utrinque
508 1992 609 2029 facta
628 1993 796 2029 traditur
814 1994 861 2030 ab
873 1994 960 2031 aliis
973 2008 984 2042 3
1009 2007 1078 2043 ego
1097 1998 1354 2043 praeterquam

138 2079 152 2102 ⁴
170 2056 270 2104 quod
289 2056 388 2092 nihil
407 2062 562 2093 auctum
590 2070 639 2093 ex
659 2070 757 2094 vano
779 2058 904 2103 velim,
926 2071 1002 2107 quo
1027 2059 1144 2095 nimis
1162 2058 1355 2095 inclinant.

170 2121 288 2156 ferme
317 2121 562 2157 scribentium
595 2121 726 2169 animi,
758 2122 931 2168 Fabium,
962 2123 1148 2172 aequalem
1174 2121 1374 2172 tempori?

139 2201 153 2225 5
172 2185 242 2221 bus
261 2184 418 2221 huiusce
439 2186 537 2232 belli,
562 2186 803 2235 potissimum
824 2193 1019 2225 auctorem
1038 2188 1168 2224 habui.
1199 2186 1354 2231 Hanni-
