1403 2438
513 167 683 204 LIBER
719 165 865 204 XXII.
1237 164 1286 201 87

95 267 246 305 faceret.
305 266 381 304 Sed
405 267 473 303 nbi
499 267 632 316 quieta
652 266 784 303 omnia
801 265 906 315 apud
926 265 1054 302 hostes
1074 277 1144 301 nec
1163 269 1289 301 castra
1306 278 1319 300 4

95 331 173 368 ullo
205 331 381 368 tumultu
420 336 527 368 mota
564 331 682 374 videt,
721 331 924 379 increpans
962 329 1129 378 quidem,
1166 328 1288 366 victos

94 396 250 433 tandem
278 394 406 448 [quos]
440 395 605 432 Martios
632 396 780 431 animos
809 395 1008 441 Romanis,
1037 394 1287 432 debellatum-

92 473 167 509 que
196 465 236 497 et
263 473 485 498 concessum
515 459 713 509 propalam
740 460 787 496 de
813 460 962 496 virtute
985 472 1029 496 ac
1051 459 1174 509 gloria
1191 472 1285 505 esse,

92 525 132 561 in
157 530 282 562 castra
305 525 422 562 rediit
438 538 448 572 3
479 528 649 561 ceterum
671 524 792 561 tacita
811 537 904 561 cura
922 525 1096 561 animum
1116 525 1285 572 incessit,
1306 534 1321 559 5

92 589 194 638 quod
214 602 302 626 cum
328 589 425 626 duce
453 589 757 638 haudquaquam
784 588 969 626 Flaminii
993 589 1287 640 Semproniique

91 654 211 690 simili
237 655 371 691 futura
389 654 465 691 sibi
483 666 544 690 res
564 658 664 691 esset
684 667 727 690 ac
747 658 831 690 tum
852 654 1010 691 demum
1030 655 1155 692 edocti
1176 656 1286 693 malis

94 718 262 755 Romani
282 731 413 768 parem
435 718 655 755 Hannibali
675 719 812 756 ducem
832 719 1066 769 quaesissent.
1126 720 1181 757 Et
1199 733 1286 770 pru·
1305 729 1320 752 6

92 783 265 820 dentiam
285 783 442 832 quidem
463 783 556 820 novi
576 783 777 820 dictatoris
798 785 994 834 extemplo
1013 785 1148 822 timuit
1162 798 1173 832 3
1201 797 1286 821 con-

91 848 275 884 stantiam
305 848 505 885 hauddum
534 853 730 898 expertus,
761 849 910 899 agitare
937 863 982 887 ac
1015 854 1166 887 tentare
1205 851 1285 886 ani-

91 924 197 949 mum
226 913 416 950 movendo
445 914 576 950 crebro
606 918 731 950 castra
759 915 992 964 populando·
1052 948 1163 979 Ἀπρίης
1182 948 1203 973 it
1224 955 1285 973 con-

91 989 165 1026 que
193 977 235 1014 in
258 978 379 1015 oculis
405 978 488 1016 eius
515 990 626 1028 agros
652 979 842 1016 sociorum
863 980 989 1029 coepit,
1049 980 1151 1034 ‘frtgffy
1172 979 1286 1039 ῐῐῖήέξζὲζ

90 1046 132 1078 et
158 1042 271 1079 modo
299 1042 418 1079 citato
441 1043 596 1092 agmine
615 1056 664 1080 ex
684 1048 892 1093 conspectu
911 1045 988 1081 abi·
1047 1040 1285 1102 {ss‘gggssfflu‘fflf
1304 1059 1317 1081 7

90 1106 167 1152 bat,
189 1106 302 1143 modo
321 1111 480 1156 repente
506 1107 549 1143 in
574 1107 705 1156 aliquo
730 1108 833 1145 flexu
854 1109 937 1155 viae,
959 1109 991 1145 si
1051 1101 1116 1127 ‘'ffer
1135 1102 1164 1126 ⁰f
1182 1102 1272 1127 bam&

89 1171 266 1221 excipere
291 1171 513 1221 degressum
538 1172 582 1208 in
604 1185 757 1222 aequum
786 1178 923 1223 posset,
949 1174 1121 1211 occultus
1147 1173 1285 1211 subsis-

89 1236 206 1274 tebat.
266 1236 411 1273 Fabius
439 1249 509 1286 per
537 1237 620 1274 loca
647 1237 729 1274 alta
757 1251 896 1288 agmen
928 1239 1101 1285 ducebat,
1135 1239 1284 1276 modico
1302 1246 1317 1271 8

89 1296 138 1338 ab
174 1300 284 1338 hoste
313 1301 532 1348 intervallo,
567 1306 614 1338 ut
643 1315 770 1352 neque
802 1303 1001 1341 omitteret
1033 1316 1121 1341 eum
1158 1317 1283 1353 neque

88 1366 395 1415 congrederetur.
454 1366 614 1413 Castris,
642 1368 718 1404 nisi
741 1372 932 1417 quantum
960 1381 1052 1405 usus
1078 1369 1282 1406 necessarii

89 1435 283 1480 cogerent,
302 1432 511 1468 tenebatur
530 1433 641 1469 miles
657 1445 666 1478 ;
691 1433 878 1482 pabulum
897 1437 938 1470 et
956 1434 1062 1482 ligna
1080 1447 1150 1471 nec
1169 1434 1283 1483 pauci

89 1496 274 1545 petebant
302 1509 372 1534 nec
401 1497 542 1546 passim
556 1511 568 1545 ‚-
596 1497 772 1546 equitum
791 1497 965 1547 levisque
984 1502 1189 1535 armaturae
1209 1502 1283 1535 sta·
1299 1512 1317 1537 9

89 1561 156 1608 tio,
178 1562 390 1611 composita
408 1563 677 1611 instructaque
696 1562 739 1598 in
758 1563 906 1600 subitos
926 1564 1130 1610 tumultus,
1154 1568 1193 1600 et
1212 1577 1282 1601 suo

89 1626 204 1663 militi
235 1630 323 1664 tuta
355 1627 485 1663 omnia
516 1630 556 1664 et
587 1626 730 1664 infesta
758 1627 888 1664 effusis
917 1627 1088 1665 hostium
1117 1629 1278 1678 popula-

87 1691 237 1728 toribus
273 1692 468 1741 praebebat
481 1706 491 1739 5
537 1704 663 1741 neque
701 1692 884 1729 universo
921 1693 1092 1742 periculo
1130 1706 1281 1730 summa

87 1768 215 1793 rerum
245 1756 572 1804 committebatur,
594 1761 634 1794 et
658 1770 778 1806 parva
808 1761 1003 1794 momenta
1032 1758 1177 1794 levium
1205 1771 1280 1795 cer·
1301 1774 1332 1792 10

88 1822 279 1858 taminum
311 1834 360 1858 ex
390 1825 477 1858 tuto
507 1825 730 1870 coeptorum,
762 1822 929 1858 finitimo
957 1826 1125 1871 receptu,
1157 1835 1280 1860 assue-

90 1884 284 1923 faciebant
298 1886 481 1923 territum
495 1885 671 1935 pristinis
686 1885 860 1922 cladibus
874 1885 1041 1922 militem
1057 1886 1186 1922 minus
1201 1885 1279 1920 iam

90 1950 248 1988 tandem
279 1954 349 1987 aut
374 1950 535 1988 virtutis
560 1955 630 1988 aut
653 1951 820 1988 fortunae
845 1951 1031 2001 paenitere
1056 1963 1144 1988 suae.
1204 1949 1324 2003 Sedu

86 2027 167 2052 non
197 2013 461 2052 Hannibalem
491 2015 613 2064 magis
643 2015 827 2052 infestum
861 2019 942 2052 tam
975 2015 1079 2052 sanis
1111 2016 1281 2054 consiliis

86 2079 254 2117 habebat
281 2092 398 2129 quam
434 2079 664 2130 magistrum
694 2080 884 2129 equitum,
919 2081 987 2129 qui
1023 2081 1123 2117 nihil
1161 2080 1277 2127 aliud,

86 2156 203 2194 quam
225 2144 328 2194 quod
356 2144 482 2194 impar
510 2149 594 2182 erat
619 2145 794 2195 imperio,
825 2158 939 2182 morae
969 2146 1017 2182 ad
1045 2158 1125 2182 rem
1156 2146 1279 2195 publi-

86 2221 170 2246 cam
203 2209 520 2259 praecipitandam
556 2210 733 2258 habebat,
774 2210 884 2247 ferox
921 2210 1156 2260 rapidusque
1193 2224 1279 2248 con-

86 2273 182 2310 siliis
210 2286 254 2311 ac
279 2274 412 2323 lingua
437 2275 677 2312 immodicus.
736 2275 871 2312 Primo
888 2275 994 2312 inter
1012 2288 1164 2325 paucos,
1187 2276 1278 2313 dein
1299 2297 1327 2314 12
