1403 2438
511 133 680 170 LIBER
718 130 864 170 XXII.
1209 128 1284 165 133

93 236 162 280 tes,
183 235 233 278 et,
255 245 375 282 quum
395 232 435 268 in
456 232 559 268 latus
579 232 774 276 dextrum,
795 229 896 280 quod
918 228 1084 278 patebat,
1100 226 1284 264 Numidae
1303 244 1333 262 u

91 296 364 343 iacularentur,
395 296 594 332 translatis
624 295 663 331 iu
694 296 875 331 dextrum
907 294 1038 339 scutis,
1071 292 1112 329 in
1139 291 1286 329 maiora

91 363 216 396 castra
248 360 297 396 ad
328 364 528 396 sexcentos
563 362 783 405 evaserunt,
815 363 932 407 atquc
970 357 1059 394 inde
1096 356 1284 406 protinus,

91 423 167 460 alio
186 437 326 473 magno
345 424 498 473 agmine
519 423 712 468 adiuncto,
736 422 945 459 Canusium
976 421 1185 458 incolumes
1205 433 1287 469 per-

90 489 266 526 veniunt.
325 489 422 525 Haec
450 488 553 537 apud
573 488 696 524 victos
726 486 849 536 magis
876 487 1025 535 impetu
1055 485 1283 530 animorum,
1307 500 1337 518 12

90 564 205 601 quem
226 552 426 601 ingenium
451 564 565 588 suum
592 551 731 600 cuique
752 555 821 587 aut
846 551 924 587 fors
944 551 1071 596 dabat,
1094 562 1210 599 quam
1237 563 1286 586 ex

90 614 250 651 consilio
269 615 441 664 ipsorum
463 618 532 651 aut
551 614 714 664 imperio
734 614 961 663 cuiusquam
981 614 1203 663 agebantur.

169 679 389 716 Hannibali
415 679 554 716 victori
579 691 701 727 quum
726 679 845 715 ceteri
870 677 1092 714 circumfusi
1115 677 1284 727 gratula-
1306 674 1353 711 51

88 748 226 781 rentur
250 745 544 793 suaderentque,
561 749 618 789 ut,
633 747 743 780 tauto
760 743 987 792 perfunctus
1015 756 1091 780 while
1136 756 1183 780 the
1222 762 1285 780 con-

88 809 201 855 bello,
223 809 300 846 diei
319 808 420 858 quod
448 808 641 857 reliquum
667 812 768 844 esset
787 808 989 856 noctisque
1016 788 1204 842 dieii‘iiibgffrt.
1216 788 1285 811 aster

88 871 328 921 insequentis
347 872 518 920 quietem
539 875 577 908 et
596 871 677 920 ipse
698 871 771 907 sibi
799 874 969 907 sumeret
988 875 1028 906 et
1047 869 1155 906 fessis
1175 868 1285 905 daret

88 935 290 982 militibus,
325 935 529 972 Maharbal
564 936 766 984 praefectus
800 935 987 984 equitum,
1016 933 1176 970 minime
1210 947 1284 971 ces-
1302 951 1317 968 2

87 998 254 1035 sancium
280 1002 399 1043 ratus,
425 998 587 1035 “Immo
608 1003 663 1045 ut,
686 998 780 1048 quid
809 999 880 1034 hac
908 1011 1040 1047 pugna
1063 998 1114 1034 sit
1138 1001 1281 1044 actum,

87 1062 195 1108 scias,
217 1062 279 1100 die
311 1062 484 1112 quinto‚''
513 1063 644 1112 inquit
675 1063 835 1099 “victor
863 1063 905 1099 in
935 1062 1127 1111 Capitolio
1156 1062 1285 1112 epula-

89 1125 201 1163 beris.
259 1125 452 1175 Sequere;
488 1139 575 1162 cum
604 1126 746 1176 equite,
777 1130 823 1163 ut
850 1126 958 1176 prius
987 1127 1137 1163 venisse
1165 1139 1283 1176 quam

88 1194 298 1227 venturum
326 1191 459 1237 sciant,
490 1191 736 1240 praecedam.''
795 1191 1014 1228 Hannibali
1045 1193 1162 1230 nimis
1191 1193 1280 1229 laeta
1301 1211 1318 1236 3

89 1266 147 1291 res
166 1258 225 1292 est
238 1255 322 1292 visa
336 1254 546 1305 maiorque,
563 1269 680 1306 quam
696 1260 740 1293 ut
753 1269 836 1293 eam
856 1256 989 1293 statim
1005 1270 1138 1306 capere
1153 1257 1283 1294 auimo

86 1323 224 1369 posset.
275 1320 417 1370 Itaque
436 1321 681 1358 voluntatem
701 1334 740 1358 se
760 1321 918 1358 laudare
938 1321 1179 1358 Maharbalis
1204 1321 1261 1358 ait
1270 1335 1281 1368 3

86 1382 136 1419 ad
169 1383 372 1420 consilium
403 1385 643 1433 pensandum
677 1385 862 1434 temporis
895 1397 994 1433 opus
1028 1397 1116 1422 esse.
1182 1384 1280 1421 Tum
1300 1407 1315 1431 4

85 1447 321 1486 Maharbal:
362 1449 491 1486 “Non
524 1449 654 1486 omnia
685 1449 871 1486 nimirum
902 1449 1027 1485 eidem
1059 1449 1099 1485 di
1130 1448 1279 1485 dedere.

85 1511 256 1550 Vincere
288 1513 372 1560 scis,
406 1514 635 1561 'Hannibal3
665 1514 829 1551 victoria
858 1514 920 1550 uti
951 1513 1110 1550 nescis.”
1167 1513 1282 1551 Mora

85 1577 169 1615 eius
187 1578 264 1615 diei
282 1579 378 1615 satis
396 1578 567 1615 creditur
586 1578 703 1615 saluti
723 1578 841 1614 fuisse
860 1577 949 1614 urbi
968 1581 1085 1627 atque
1105 1577 1276 1627 Mperio.

166 1641 328 1680 Postero
347 1643 420 1689 die,
445 1642 514 1679 ubi
534 1643 702 1692 primum
729 1642 874 1690 illuxit,
901 1642 950 1679 ad
977 1642 1100 1691 spolia
1117 1642 1280 1690 legenda
1298 1662 1315 1688 5

85 1707 301 1757 foedamque
320 1707 434 1744 etiam
456 1707 633 1744 hostibus
653 1707 902 1757 spectandam
923 1711 1091 1756 stragem
1118 1711 1274 1745 exeunt.

85 1772 272 1809 Iacebant
298 1776 359 1810 tot
387 1772 652 1809 Romanorum
682 1772 816 1816 millia,
837 1772 987 1821 pedites
1013 1771 1154 1820 passim
1176 1772 1278 1821 equi-
1296 1780 1313 1806 6

85 1841 230 1886 tesque,
257 1840 304 1873 ut
332 1849 447 1886 quem
474 1836 613 1885 cuique
639 1836 719 1873 fors
745 1840 814 1872 aut
840 1849 970 1885 pugna
998 1836 1182 1872 iunxerat
1209 1841 1279 1873 aut

85 1901 200 1950 fuga;
238 1906 482 1950 assurgentes
520 1901 678 1950 quidam
711 1913 760 1937 ex
792 1904 920 1949 strage
953 1900 1080 1937 media
1113 1901 1277 1948 cruenti,

85 1978 181 2015 quos
200 1966 334 2003 stricta
352 1965 546 2002 matutino
571 1965 714 2014 frigore
740 1964 1008 2002 excitaverant
1034 1965 1207 2011 vulnera,
1229 1965 1291 2001 ab.

85 2030 194 2067 hoste
213 2029 383 2079 oppressi
402 2033 495 2066 sunt
506 2043 517 2077 ;
540 2029 725 2078 quosdam
745 2032 784 2065 et
803 2029 972 2065 iacentes
991 2028 1102 2065 vivos
1122 2028 1278 2065 succisis
1297 2045 1312 2069 ⁷

86 2093 294 2132 feminibus
325 2094 615 2143 poplitibusque
647 2093 896 2139 invenerunt,
932 2093 1124 2130 nudantes
1160 2093 1278 2129 cervi-

85 2171 166 2197 cem
183 2158 436 2208 iugulumque
455 2162 496 2195 et
514 2158 706 2207 reliquum
727 2158 955 2207 sanguinem
982 2157 1160 2194 iubentes
1185 2156 1278 2194 hau-

86 2223 160 2261 rite
172 2236 185 2272 ;
211 2223 364 2260 inventi
392 2222 550 2272 quidam
578 2226 672 2260 sunt
699 2222 835 2260 mersis
862 2221 904 2258 in
932 2221 1107 2259 effossam
1131 2224 1274 2258 terram
1294 2231 1311 2259 8
