1434 2402
178 201 248 236 108
692 194 837 231 LIVII

124 318 154 334 ιο
171 297 219 332 ad
244 309 350 332 arma
370 298 480 330 vocat
500 299 537 330 ct
558 294 666 329 vanis
690 292 805 328 minis
831 292 1004 339 increpat
1030 290 1186 327 hostem.
1246 289 1351 326 Prin-

171 360 270 408 cipio
289 360 410 395 levem
438 361 671 393 armaturam
705 353 914 407 [dimittit]‚
936 354 1073 390 deinde
1099 354 1270 391 conferto
1295 366 1353 402 ag·

172 423 274 458 mine
294 422 418 458 mittit
437 421 585 470 equites
600 434 609 466 3
640 424 843 468 postremo,
864 430 985 467 quum
1011 416 1186 453 hostibus
1204 428 1356 465 quoque

170 487 340 523 subsidia
368 486 473 522 mitti
502 485 662 532 videret,
692 483 894 520 instructis
926 482 1143 531 legionibus
1170 481 1352 530 procedit.

125 572 149 587 ιι
172 551 234 587 Et
249 551 450 586 Hannibal
479 550 744 586 laborantibus
772 548 851 585 suis
879 547 954 583 alia
982 550 1099 595 atque
1122 545 1198 582 alia
1218 545 1356 582 incres-

170 620 279 652 cente
307 615 515 652 certamine
544 614 702 650 mittens
730 613 876 650 auxilia
903 611 1077 660 peditum
1103 609 1355 659 equitumque

170 680 246 716 iam
266 680 409 717 iustam
430 681 652 729 expleverat
677 678 809 724 aciem,
830 691 874 714 ac
894 677 986 713 totis
1006 676 1188 725 utrinque
1210 675 1356 711 viribus

126 766 151 781 12
170 748 348 781 certatur.
408 743 540 780 Prima
568 743 663 779 levis
692 746 887 779 armatura
917 741 1192 786 Romanorum,
1221 751 1356 788 praeoc-

171 814 351 858 cupatum
383 821 426 845 ex
456 808 636 844 inferiore
667 807 748 848 loco
777 806 981 843 succedens
1009 805 1215 850 tumulum,
1245 805 1356 854 pulsa

169 874 399 922 detrusaque
429 878 615 909 terrorem
645 872 686 908 in
718 872 982 908 succedentem
1017 869 1153 906 intulit
1185 870 1354 918 equitem

125 961 151 983 .3
169 942 208 973 et
227 938 272 974 ad
294 938 404 986 signa
422 938 616 986 legionum
638 936 788 986 refugit.
833 936 1015 972 Peditum
1035 935 1134 972 acies
1152 935 1257 971 inter
1275 947 1356 983 per-

169 1002 291 1038 culsos
322 1003 515 1051 impavida
545 1002 624 1038 sola
661 1006 744 1038 erat
781 1001 1071 1050 videbaturque,
1105 1000 1136 1036 si
1173 1000 1277 1036 iusta
1312 1013 1355 1036 ac

169 1067 313 1103 directa
331 1080 460 1115 pugna
486 1071 593 1112 esset,
616 1067 913 1114 haudquaquam
941 1065 1065 1114 impar
1089 1065 1222 1100 futura
1234 1078 1245 1112 3
1272 1068 1355 1100 tan-

169 1134 251 1166 tum
281 1130 495 1166 animorum
529 1132 668 1166 fecerat
697 1142 874 1178 prospere
903 1133 992 1165 ante
1020 1141 1160 1178 paucos
1188 1127 1270 1165 dies
1294 1141 1355 1165 res

123 1218 149 1240 .4
167 1196 275 1241 gesta
289 1204 299 1238 3
328 1193 393 1228 sed
419 1193 543 1228 exorti
574 1196 731 1241 repente
760 1193 1003 1229 insidiatores
1028 1205 1115 1228 eum
1139 1191 1354 1228 tumultum

169 1261 428 1305 terroremque
449 1257 488 1293 in
511 1257 630 1293 latera
647 1257 828 1306 utrinque
848 1258 896 1293 ab
916 1262 1097 1305 tergoque
1112 1256 1354 1293 incursantes

168 1321 350 1363 fecerunt,
371 1324 416 1355 ut
435 1332 559 1368 neque
584 1320 737 1356 animus
757 1320 802 1356 ad
824 1333 990 1368 pugnam
1011 1332 1136 1368 neque
1155 1319 1203 1356 ad
1223 1317 1352 1369 fugam

99 1388 146 1423 29
167 1396 250 1431 spes
270 1384 449 1432 cuiquam
470 1389 692 1432 superesset.
753 1385 851 1420 Tum
873 1384 1025 1431 Fabius,
1048 1384 1172 1432 primo
1190 1384 1354 1422 clamore

166 1445 392 1493 paventium
425 1446 569 1492 audito,
591 1447 679 1482 dein
709 1450 910 1494 conspecta
934 1446 1066 1495 procul
1086 1447 1242 1483 turbata
1260 1448 1352 1494 acie,

168 1511 189 1528 ‘⁴
203 1509 268 1544 Ita
289 1513 348 1545 est
361 1510 378 1526 '²
399 1510 528 1558 inquit
544 1523 553 1556 ;
587 1513 607 1529 “
622 1523 699 1546 non
719 1510 890 1556 celerius,
913 1523 1030 1559 quam
1048 1509 1174 1556 timui,
1196 1510 1353 1560 depren—

135 1596 147 1610 2
165 1574 223 1610 dit
242 1574 398 1611 fortuna
416 1575 690 1611 temeritatem-
732 1576 852 1612 Fabio
871 1580 1046 1625 aequatus
1065 1575 1227 1624 imperio
1243 1574 1352 1611 Han-

166 1637 333 1673 nibalem
362 1642 402 1674 et
421 1638 568 1674 virtute
593 1643 632 1675 et
657 1639 814 1675 fortuna
842 1640 1077 1688 superiorem
1102 1638 1220 1674 videt.
1278 1637 1353 1674 Sed

165 1703 270 1738 aliud
290 1694 470 1751 iurgandi
491 1703 815 1752 succensendique
836 1708 987 1752 tempus
1007 1703 1100 1749 erit3
1121 1707 1228 1738 nunc
1244 1701 1354 1751 signa

165 1771 275 1803 extra
295 1767 441 1803 vallum
469 1767 660 1816 proferte,
688 1767 892 1804 victoriam
914 1767 1017 1804 hosti
1043 1771 1351 1816 extorqueamus,

133 1848 145 1870 3
165 1831 437 1867 confessionem
468 1831 607 1867 erroris
635 1831 817 1868 civibus.⁷’
875 1831 960 1868 Iam
995 1845 1133 1881 magna
1163 1845 1211 1868 ex
1244 1837 1353 1881 parte

456 1895 560 1931 caesis
574 1895 672 1938 aliis,
688 1895 773 1931 aliis
789 1895 1196 1944 circumspectantibus
1210 1896 1351 1944 fugam,

163 1925 216 1949 and
234 1926 255 1950 is
271 1926 333 1955 only
348 1925 428 1949 saved

163 1956 428 2016 &gutffif‘tiffifllggisggg
457 1958 629 1995 Fabiana
657 1972 696 1996 se
725 1959 824 1995 acies
852 1964 1010 2008 repente
1039 1960 1147 1996 velut
1175 1959 1265 1996 caelo
1293 1959 1354 1996 de-

130 2040 144 2062 4
163 2017 191 2041 ⁰f
203 2017 312 2042 Fabius.
458 2019 574 2055 missa
593 2019 641 2055 ad
660 2020 851 2056 auxilium
876 2021 1056 2057 ostendit.
1116 2021 1256 2070 Itaque
1279 2021 1353 2069 pri-

165 2096 325 2132 usquam
346 2083 395 2119 ad
414 2083 628 2119 coniectum
654 2083 724 2120 teli
743 2083 895 2120 veniret
914 2090 983 2120 aut
1002 2097 1161 2120 manum
1186 2096 1354 2121 consere-

164 2151 231 2193 ret,
263 2151 302 2183 et
333 2160 422 2184 suos
452 2161 475 2184 a
506 2148 597 2196 fuga
630 2148 751 2184 effusa
782 2153 821 2185 et
853 2149 901 2184 ab
935 2148 1052 2185 nimis
1079 2148 1195 2185 feroci
1223 2160 1354 2197 pugna

131 2235 146 2258 5
163 2212 291 2248 hostes
310 2212 513 2249 continuit.
573 2212 651 2256 Qui
674 2213 810 2249 solutis
836 2213 1036 2249 ordinibus
1058 2225 1152 2261 vage
1177 2211 1354 2261 dissipati

165 2281 287 2322 erant,
314 2276 484 2325 undique
513 2277 774 2326 confugerunt
802 2277 849 2313 ad
878 2277 1069 2326 integram
1098 2276 1219 2313 aciem
1233 2289 1246 2324 3
1284 2275 1351 2326 qui
