1455 2454
192 139 240 175 76
711 126 858 163 ΜΠ]

194 236 366 268 metucns
379 243 389 276 3
417 229 514 264 hanc
539 225 694 262 insitam
721 221 874 271 ingenio
903 221 984 257 eius
1009 219 1269 256 temeritatem
1299 216 1372 253 for-

193 301 285 331 tuna
305 304 480 342 prospero
505 289 682 326 civilibus
706 286 926 334 bellicisque
946 284 1060 321 rebus
1079 295 1252 320 successu
1271 277 1371 318 alue-

159 373 174 397 5
191 363 258 396 rat.
325 357 464 405 Itaque
497 354 590 391 satis
622 352 840 402 apparebat,
873 362 942 386 nec
974 349 1064 385 deos
1097 360 1166 384 nec
1198 346 1373 383 homines

191 421 447 459 consulentem
478 417 653 454 ferociter
676 416 805 453 omnia
830 427 872 451 ac
899 424 1139 463 praepropere
1167 414 1374 457 acturum;

159 498 339 535 6quoque
365 483 520 533 pronior
543 485 641 518 esset
669 481 710 516 in
737 480 833 516 vitia
862 491 940 523 sua,
966 477 1111 526 agitare
1139 487 1228 513 eum
1255 477 1373 524 atque

190 551 340 587 irritare
374 548 516 585 Poenus
546 550 666 596 parat,
703 551 742 581 et
774 544 868 580 laeva
900 542 1032 579 relicto
1065 541 1175 577 hoste
1204 538 1372 576 1³·aequae

191 618 333 663 petens,
355 611 478 648 medio
500 609 665 646 Etruriae
685 621 774 657 agro
795 607 1008 656 praedatum
1028 605 1234 654 profectus,
1255 615 1374 652 quan-

191 684 269 716 tam
288 677 495 713 maximam
516 674 738 710 vastitatem
764 676 902 721 potest,
924 670 1089 707 caedibus
1108 667 1373 716 incendiisque

161 754 174 776 7
190 742 335 780 consuli
355 739 484 789 procul
505 738 681 775 ostendit.
737 736 962 781 Flaminius,
985 734 1052 783 qui
1071 746 1120 770 ne
1140 733 1272 782 quieto
1291 733 1373 782 qui-

190 807 274 842 dem
295 806 401 841 hoste
420 804 500 852 ipse
519 803 720 852 quieturus
746 804 838 846 erat,
861 804 945 836 tum
965 812 1068 846 vero,
1089 802 1292 848 postquam
1313 810 1373 834 res

188 870 374 906 sociorum
408 871 497 903 ante
530 867 657 903 oculos
689 878 806 914 prope
839 877 926 900 suos
959 863 1052 900 ferri
1086 862 1224 911 agique
1257 861 1370 908 vidit,

188 947 297 970 suum
318 933 358 969 id
377 932 538 968 dedecus
558 935 677 977 ratus,
698 943 766 979 per
785 929 952 966 mediam
970 928 1049 965 iam
1068 927 1228 964 Italiam
1239 926 1373 976 vagari

188 1020 245 1043 who
268 1018 447 1049 ffisregarding
476 994 638 1031 Poenum
668 1001 783 1043 atque
814 993 1024 1029 obsistente
1060 991 1169 1027 nullo
1198 991 1248 1028 ad
1287 990 1373 1040 ipsa

157 1049 303 1080 gpmden‘
325 1050 449 1074 ⁰⁰¹¹¹¹³⁰¹⁸
478 1058 653 1094 Romana
684 1057 825 1093 moenia
854 1057 910 1093 ire
938 1055 1204 1105 oppugnanda,
1235 1055 1372 1092 ceteris

187 1121 363 1158 omnibus
393 1122 432 1157 in
472 1122 629 1158 consilio
670 1120 853 1158 salutaria
891 1121 1011 1170 magis
1048 1133 1164 1169 quam
1201 1118 1372 1168 speciosa

186 1186 457 1223 suadentibus:
496 1187 675 1235 collegam
723 1186 1036 1235 exspectandum,
1075 1187 1122 1221 ut
1157 1183 1372 1221 coniunctis

186 1250 426 1297 exercitibus,
448 1251 641 1287 communi
667 1251 796 1286 animo
820 1250 1054 1298 consilioque
1074 1262 1154 1286 rem
1179 1252 1368 1299 gererent,

155 1330 170 1353 9
185 1314 339 1350 interim
360 1315 535 1364 equitatu
555 1315 788 1364 auxiliisque
807 1314 954 1351 levium
973 1327 1169 1351 armorum
1187 1314 1236 1351 ab
1250 1314 1372 1351 effusa

186 1379 380 1428 praedandi
399 1380 552 1417 licentia
570 1381 718 1416 hostem
733 1380 1001 1427 cohibendum,
1016 1380 1140 1417 iratus
1159 1392 1198 1416 se
1217 1392 1266 1416 ex
1285 1392 1370 1416 con·

186 1445 270 1481 silio
302 1445 502 1494 proripuit,
541 1446 770 1496 signumque
812 1446 926 1482 simul
963 1445 1117 1483 itineris
1153 1458 1371 1495 pugnaeque

142 1529 170 1544 ιο
186 1520 304 1556 quum
319 1510 582 1557 proposuisset,
605 1513 627 1530 “
640 1511 768 1547 Immo
787 1510 938 1547 Arretii
962 1514 1054 1547 ante
1075 1510 1218 1548 moenia
1244 1511 1370 1548 sedea-

187 1585 270 1609 mus
283 1573 301 1589 '⁷
321 1574 448 1622 inquit
457 1587 468 1620 3
498 1578 519 1594 “
533 1574 594 1611 hic
614 1575 716 1611 enim
735 1575 862 1624 patria
881 1579 921 1612 et
938 1580 1099 1625 penates
1117 1579 1219 1614 sunt.
1259 1575 1370 1612 Han-

187 1637 291 1673 nibal
318 1638 477 1674 emissus
496 1651 516 1674 e
536 1639 712 1675 manibus
733 1639 1010 1689 perpopuletur
1037 1640 1197 1677 Italiam
1216 1642 1379 1678 vastan·'

187 1701 309 1750 doque
331 1706 370 1738 et
400 1703 544 1739 urendo
568 1704 695 1739 omnia
721 1704 768 1740 ad
789 1704 966 1741 Romana
990 1705 1133 1742 moenia
1154 1705 1366 1754 perveniat,

188 1778 255 1801 nec
285 1769 373 1802 ante
403 1779 471 1802 nos
501 1767 591 1803 hinc
620 1769 863 1816 moverimus,
894 1782 1021 1819 quam,
1052 1770 1154 1807 sicut
1180 1769 1274 1807 olim
1300 1769 1368 1807 Ga-

187 1829 336 1865 millum
356 1830 403 1866 ab
419 1830 541 1878 Veiis,
564 1832 603 1869 O.
621 1832 856 1870 Flaminium
876 1835 925 1871 ab
947 1834 1105 1871 Arretio
1124 1839 1254 1884 patres
1272 1835 1368 1872 acci-

143 1914 165 1929 11
188 1893 350 1929 verint.'⁷
424 1894 519 1931 Haec
557 1895 671 1932 simul
713 1897 914 1947 increpans
955 1911 1075 1948 quum
1113 1900 1218 1937 ocius
1259 1896 1378 1950 ‘signa'

186 1957 346 1994 convelli
375 1958 525 1995 iuberet
556 1964 595 1996 et
627 1961 707 2009 ipse
736 1961 778 1998 in
811 1975 953 2012 equum
986 1963 1210 2013 insiluisset,
1245 1977 1368 2014 equus

188 2025 341 2070 repente
355 2023 499 2059 corruit
511 2025 780 2075 consulemque
791 2026 941 2075 lapsum
958 2040 1072 2077 super
1086 2032 1203 2078 caput
1217 2013 1363 2066 effudit.

143 2107 170 2123 η
187 2115 239 2139 and
255 2115 447 2141 unravourame
475 2086 633 2124 Territis
666 2089 853 2136 omnibus,
889 2091 957 2140 qui
986 2093 1086 2129 circa
1112 2096 1234 2139 erant,
1258 2091 1369 2130 velut

187 2146 265 2175 ΒΨ*
474 2150 572 2188 foedo
592 2154 719 2190 omine
746 2155 972 2204 incipiendae
1000 2156 1066 2204 rei,
1088 2156 1247 2206 insuper
1271 2169 1368 2202 num

188 2211 318 2256 tiatur,
341 2211 494 2261 signum
522 2217 626 2252 omni
647 2217 686 2253 vi
706 2219 888 2257 moliente
911 2220 1093 2269 signifero
1117 2221 1282 2258 convelli
1303 2232 1367 2259 ne·
