1455 2454
172 202 219 239 12
691 202 843 239 LIVII

168 314 327 338 manum
374 301 517 338 iniuste
554 301 689 347 facere,
729 301 761 337 si
800 300 1035 349 Saguntinos
1081 299 1352 337 vetustissimae

170 364 550 414 Carthaginiensium
570 364 742 401 societati
763 368 969 413 praeponat.

249 428 356 465 Dum
385 429 553 465 Romani
580 432 732 478 tempus
760 432 895 465 terunt
920 428 1177 477 legationibus
1199 429 1356 466 mitten-

459 493 529 540 dis,
544 493 757 539 Hannibal,
775 493 866 542 quia
879 493 1021 529 fessum
1034 493 1198 530 militem
1210 493 1354 542 proeliis

458 557 714 606 operibusque
751 558 928 601 habebat,
966 570 1175 606 paucorum
1202 557 1249 594 iis
1277 557 1354 593 die-

167 632 253 656 rum
271 620 441 670 quietem
460 621 578 667 dedit,
600 622 830 659 stationibus
851 623 899 659 ad
919 622 1134 658 custodiam
1152 622 1354 659 vinearum

168 684 408 733 aliorumque
438 698 597 734 operum
635 686 838 735 dispositis.
908 686 1075 723 Interim
1112 686 1260 723 animos
1296 699 1355 722 eo-

167 761 255 784 rum
281 762 384 786 nunc
412 749 470 787 ira
497 750 539 786 in
558 750 688 787 hostes
708 751 954 799 stimulando,
976 764 1079 787 nunc
1099 764 1165 800 spe
1183 750 1354 800 praemio-

135 446 151 471 0,

167 533 224 558 The
236 533 306 564 siege
321 540 384 564 goes
395 540 430 558 on

135 827 150 850 4
167 825 254 849 rum
288 814 487 861 accendit,
520 818 566 850 ut
598 827 690 851 vero
722 828 791 864 pro
824 815 1002 851 contione
1033 815 1202 864 praedam
1234 818 1353 863 captae

167 877 273 913 urbis
304 877 427 914 edixit
453 878 624 914 militum
653 879 746 925 fore,
781 879 875 915 adeo
907 879 1056 915 accensi
1088 891 1220 915 omnes
1247 883 1350 926 sunt,

167 944 222 987 ut,
254 940 286 977 si
315 942 510 991 extemplo
540 942 693 990 signum
722 943 856 979 datum
885 947 993 989 esset,
1019 943 1129 980 nulla
1157 943 1198 979 Vi
1225 943 1354 979 resisti

134 1029 148 1053 5
167 1005 366 1042 videretur
391 1019 510 1055 posse.
570 1007 777 1056 Saguntini
806 1012 850 1044 ut
879 1021 902 1044 a
927 1008 1070 1057 proeliis
1096 1008 1266 1057 quietem
1290 1007 1355 1044 ha-

168 1070 335 1106 buerant
362 1083 431 1107 nec
460 1071 688 1108 lacessentes
717 1085 787 1108 nec
816 1072 982 1109 lacessiti
1002 1085 1071 1122 per
1092 1072 1241 1121 aliquot
1259 1071 1352 1119 dies,

168 1134 224 1170 ita
253 1147 331 1171 non
359 1139 482 1181 nocte,
506 1142 590 1173 ‘non
616 1137 677 1173 die
703 1149 874 1185 unquam
899 1140 1141 1174 cessaverant
1159 1137 1208 1173 ab
1227 1148 1350 1186 opere,

167 1203 214 1235 ut
245 1212 392 1237 novum
424 1213 579 1237 murum
610 1201 657 1237 ab
687 1213 731 1237 ea
760 1205 881 1250 parte,
915 1215 992 1251 qua
1023 1201 1259 1251 patefactum
1289 1213 1352 1249 op-

134 1279 149 1303 ⁶
166 1263 301 1312 pidum
331 1264 455 1302 ruinis
486 1270 578 1312 erat,
611 1266 821 1305 reficerent.
890 1266 989 1302 Inde
1022 1265 1258 1316 oppugnatio
1290 1277 1354 1302 eos

166 1329 366 1377 aliquanto
403 1330 568 1367 atrocior
604 1344 720 1381 quam
757 1334 847 1367 ante
884 1331 1018 1367 adorta
1055 1335 1122 1377 est,
1161 1343 1242 1377 nec,
1277 1342 1355 1379 qua

166 1393 336 1442 primum
373 1399 443 1431 aut
475 1395 718 1444 potissimum
748 1400 857 1444 parte
893 1395 1040 1432 ferrent
1077 1407 1197 1444 opem,
1231 1407 1353 1444 quum

167 1458 296 1495 omnia
325 1459 444 1496 variis
474 1460 706 1497 clamoribus
738 1463 965 1509 streperent,
997 1459 1090 1496 satis
1118 1459 1214 1508 scire
1247 1462 1353 1508 pote-

134 1541 149 1565 7
167 1526 266 1560 rant.
324 1522 415 1572 Ipse
444 1523 658 1571 Hannibal,
690 1537 766 1574 qua
794 1523 913 1560 turris
938 1523 1102 1570 mobilis,
1124 1523 1254 1560 omnia
1272 1535 1354 1559 mu-

165 1583 342 1623 nimenta
366 1587 474 1624 urbis
499 1601 684 1637 superans
709 1588 926 1634 altitudine,
954 1588 1150 1637 agebatur,
1177 1587 1354 1624 hortator

166 1650 309 1689 aderat.
386 1651 480 1696 Quae
514 1665 635 1701 quum
665 1652 831 1698 admota,
867 1652 1073 1701 catapultis
1111 1651 1353 1700 ballistisque

134 1736 149 1761 g
167 1728 235 1764 per
276 1716 407 1752 onmia
449 1717 624 1754 tabulata
669 1716 879 1767 dispositis,
917 1729 1047 1753 muros
1085 1716 1352 1753 defensoribus

165 1780 361 1826 nudasset,
392 1785 475 1817 tum
503 1781 705 1819 Hannibal
725 1781 959 1818 occasionem
978 1784 1096 1827 ratus,
1119 1781 1352 1830 quingentos

165 1845 285 1881 ferme
317 1845 436 1882 Afros
473 1859 560 1882 cum
600 1845 768 1882 dolabris
804 1845 853 1882 ad
889 1845 1152 1882 subruendum
1189 1845 1238 1881 ab
1274 1845 1353 1882 imo

165 1922 320 1945 murum
349 1909 475 1946 mittit
487 1923 498 1958 3
536 1923 606 1947 nec
632 1915 715 1947 erat
741 1910 894 1946 difficile
914 1922 1021 1959 opus,
1042 1910 1145 1958 quod
1165 1913 1350 1946 caementa

164 1986 244 2010 non
277 1974 379 2011 calce
409 1975 548 2011 durata
577 1979 699 2021 erant,
731 1975 795 2012 sed
821 1975 996 2011 interlita
1023 1975 1118 2026 luto,
1148 1977 1353 2011 structurae

130 2057 146 2082 9
165 2038 335 2088 antiquae
364 2033 541 2087 genere.)>
571 2038 712 2088 Itaque
739 2039 868 2085 latius,
891 2051 1006 2088 quam
1034 2051 1111 2088 qua
1129 2039 1348 2085 caederetur,

163 2104 311 2150 ruebat,
341 2116 487 2152 perque
515 2104 690 2153 patentia
713 2104 837 2141 ruinis
865 2104 1020 2153 agmina
1046 2108 1282 2141 armat-orum
1310 2103 1353 2140 in

114 2187 146 2204 ιο
164 2168 299 2205 urbem
337 2168 543 2205 vadebant.
619 2169 763 2205 Locum
801 2181 953 2218 quoque
991 2168 1139 2205 editum
1177 2168 1348 2217 capiunt,

165 2232 390 2281 collatisque
418 2245 462 2269 eo
491 2233 698 2282 catapultis
726 2233 978 2282 ballistisque,
1007 2238 1052 2270 ut
1080 2233 1280 2270 castellum
1307 2232 1350 2269 in

165 2297 249 2346 ipsa
281 2297 377 2333 urbe
406 2297 516 2335 velut
547 2310 673 2334 arcem
704 2297 970 2335 imminentem
1007 2298 1207 2346 haberent,
1240 2310 1352 2335 muro
