1434 2402
130 69 202 105 126
647 62 792 99 LIVII

127 167 287 204 Poenuni
330 165 532 210 habebant,
572 163 662 198 bina
707 165 830 197 castra
868 159 1147 204 communiunt,
1179 158 1311 195 eodem

127 257 236 280 whmm
265 258 308 280 wo
339 257 387 278 ,Μ
419 229 535 263 ferme
551 226 768 272 intervallo,
785 238 860 274 quo
880 225 926 260 ad
944 224 1190 269 Gereonium,
1212 223 1313 260 sicut

127 294 203 310 mnus
221 287 308 310 follow
328 287 389 313 him,

99 314 108 327 “’
127 317 229 343 though
262 317 320 340 with
353 316 390 339 ‹li-

127 347 203 371 vidcd
216 348 346 371 counscls.

419 295 520 337 ante,
542 291 660 339 copiis
681 290 826 327 divisis.
865 289 1035 325 Aufidus
1049 290 1185 336 amnis,
1200 289 1312 325 utris-

418 369 491 404 que
520 355 654 391 castris
683 355 854 400 affluens,
884 354 1032 390 aditum
1064 353 1313 402 aquatoribus

128 434 173 456 cx
209 433 276 455 sua
311 420 495 469 cuiusque
529 420 819 468 opportunitate
852 418 956 454 haud
989 418 1072 454 sine
1106 418 1314 454 certamine

95 506 107 529 5
127 485 267 531 dabat3
296 498 343 521 ex
373 484 586 520 minoribus
615 488 744 520 tamen
774 483 918 529 castris,
941 495 1025 531 quae
1054 483 1179 532 posita
1206 488 1314 518 trans

131 551 314 586 Aufidum
337 554 458 596 erant,
481 549 638 585 liberius
659 549 902 597 aquabantur
923 547 1102 592 Romani,
1120 546 1212 596 quia
1233 547 1315 595 ripa

98 631 107 651 4
130 614 288 650 ulterior
308 614 457 649 nullum
487 614 651 649 habebat
680 613 845 648 hostium
874 612 1104 660 praesidium.
1164 611 1315 647 Hanni-

130 679 189 714 bal
219 691 323 727 spem
353 682 526 722 nanctus,
560 677 650 713 locis
678 677 780 712 natis
809 677 857 712 ad
886 680 1102 724 equestrem
1131 687 1314 724 pugnam,

129 755 204 790 qua
233 747 341 791 parte
371 741 512 777 virium
543 741 711 777 invictus
739 745 832 786 erat,
857 741 1025 776 facturos
1051 740 1198 788 copiam
1225 752 1315 788 pug-

131 806 246 841 nandi
274 806 458 852 consules,
487 806 620 854 dirigit
648 806 766 842 aciem
798 806 1024 854 lacessitque
1055 805 1315 841 Numidarum

98 887 110 909 5
131 870 415 918 procursatione
435 870 570 906 hostes.
633 870 730 906 Inde
750 883 883 906 rursus
903 869 1102 906 sollicitari
1129 869 1317 905 seditione

132 934 286 970 militari
319 948 360 971 ac
390 934 578 971 discordia
607 935 805 971 consulum
839 935 1014 971 Romana
1040 938 1175 979 castra,
1198 946 1316 982 quum

132 999 276 1035 Paulus
307 999 599 1048 Semproniique
625 1004 664 1035 et
690 999 871 1035 Flaminii
897 999 1155 1035 temeritatem
1176 998 1319 1033 Varro-

132 1066 183 1108 ni,
201 1065 327 1100 Varro
349 1065 474 1100 Ρααῑο
495 1065 705 1113 speciosum
727 1064 875 1100 timidis
895 1077 938 1100 ac
957 1063 1138 1112 segnibus
1158 1062 1330 1098 ducibus.

99 1136 113 1160 6
131 1129 349 1178 exemplum
372 1129 533 1164 Fabium
560 1129 751 1174 obiiceret,
775 1132 1060 1176 testareturque
1086 1127 1173 1163 deos
1199 1126 1319 1162 homi-

131 1207 272 1242 nesque
294 1194 363 1238 hic,
387 1193 531 1228 nullam
554 1205 669 1241 penes
689 1206 727 1229 se
747 1193 897 1240 culpam
927 1204 1018 1237 esse,
1041 1191 1141 1240 quod
1167 1190 1319 1226 Hanni-

131 1258 192 1294 bal
225 1258 298 1293 iam
329 1257 433 1293 velut
460 1270 531 1293 usu
558 1257 719 1305 cepisset
749 1257 925 1302 Italiam3
957 1269 996 1292 se
1022 1256 1271 1291 constrictum
1299 1268 1320 1291 a

132 1323 274 1371 collega
308 1323 449 1369 tenerig
489 1322 629 1357 ferrum
661 1326 776 1369 atque
806 1334 913 1357 arma
941 1320 1051 1357 iratis
1078 1324 1118 1356 et
1150 1332 1321 1369 pugnare

101 1402 113 1423 7
132 1387 377 1436 cupientibus
406 1387 522 1422 adimi
553 1387 744 1422 militibus
752 1399 762 1432 3
791 1386 866 1432 ille,
890 1386 922 1421 si
948 1385 1041 1434 quid
1071 1384 1250 1434 proiectis
1278 1397 1321 1420 ac

134 1451 295 1500 proditis
328 1452 374 1487 ad
410 1451 667 1487 inconsultam
706 1454 822 1499 atque
858 1450 1118 1498 improvidam
1152 1461 1321 1498 pugnam

135 1516 347 1564 legionibus
372 1515 570 1560 accideret,
600 1527 639 1550 se
668 1515 793 1551 omnis
822 1515 943 1563 culpae
972 1518 1174 1560 exsortem,
1197 1513 1321 1550 omnis

134 1584 295 1617 eventus
325 1579 550 1628 participem
586 1579 666 1615 fore
700 1579 845 1615 diceret
860 1592 870 1625 3
908 1579 1065 1624 videret,
1095 1582 1151 1625 ut,
1182 1577 1322 1627 quibus

133 1645 266 1693 lingua
303 1650 381 1680 tam
419 1648 596 1692 prompta
634 1656 676 1679 ac
714 1643 928 1689 temeraria,
968 1655 1075 1691 aeque
1112 1643 1153 1678 in
1191 1655 1322 1692 pugna

135 1709 311 1757 vigerent
340 1721 485 1744 manus.

65 1777 112 1814 45
215 1773 319 1810 Dum
343 1772 657 1809 altercationibus
683 1772 804 1820 magis
830 1785 945 1820 quam
974 1772 1143 1808 consiliis
1172 1775 1322 1820 tempus

134 1845 189 1880 '‘l'lje
219 1844 303 1868 Punic
333 1844 398 1868 skir-
426 1837 578 1883 teritur,
601 1836 802 1872 Hannibal
824 1850 870 1873 ex
898 1837 988 1883 acie,
1012 1849 1128 1886 quam
1153 1836 1201 1873 ad
1227 1836 1322 1872 mul-

135 1875 247 1899 nnshers
254 1876 347 1899 harass
353 1875 398 1899 the

136 1906 266 1934 Romans.
428 1906 510 1938 tum
542 1901 617 1937 diei
647 1905 825 1937 tenuerat
855 1901 1098 1948 instructam,
1128 1914 1247 1950 quum
1282 1901 1323 1936 in

102 1986 117 2003 2
136 1969 260 2002 castra
280 1969 423 2002 ceteras
443 1966 628 2014 reciperet
648 1966 785 2014 copias,
806 1966 998 2002 Numidas
1018 1966 1066 2003 ad
1085 1965 1324 2002 invadendos

136 2044 180 2067 ex
205 2032 417 2068 minoribus
437 2031 573 2068 castris
600 2031 864 2067 Romanorum
892 2035 1095 2080 aquatores
1120 2034 1229 2067 trans
1254 2030 1323 2067 flu-

103 2113 117 2137 3
136 2107 220 2130 men
253 2094 386 2131 mittit.
446 2095 570 2139 Quam
591 2094 828 2131 inconditam
850 2095 1003 2131 turbam
1021 2108 1140 2144 quum
1161 2094 1324 2131 vixdum

137 2158 176 2194 in
212 2158 331 2207 ripam
373 2159 510 2207 egressi
546 2159 710 2195 clamore
748 2170 790 2194 ac
827 2158 1000 2195 tumultu
1039 2159 1247 2207 fugassent,
1281 2157 1325 2196 ‘bn
