1455 2454
96 173 118 210 8
617 173 768 212 LJI'II

94 284 188 320 gens
213 271 453 318 imminebat,
475 275 515 308 et
543 285 687 319 murus,
710 277 755 310 ut
783 273 825 310 in
850 279 1027 323 suspecto
1050 276 1143 323 loco,
1172 289 1288 327 supra

96 340 231 373 ceterae
259 336 416 372 modum
446 335 667 373 altitudinis
696 338 893 375 emunitus
916 343 1009 386 erat,
1035 343 1076 377 et
1103 340 1288 379 iuventus

96 400 255 447 delecta,
277 400 343 436 ubi
363 400 574 449 plurimum
593 401 755 451 periculi
770 415 813 439 ac
828 403 978 439 timoris
998 405 1285 456 ostendebatur,

60 464 150 501 sibi
169 465 209 501 vi
235 464 378 501 maiore
405 465 654 503 obsistebant.
712 467 774 503 Ac
799 467 924 517 primo
952 467 1163 505 missilibus
1186 482 1285 506 sum-

94 541 248 565 movere
268 529 417 565 hostem
438 542 508 567 nec
527 530 733 580 quicquam
754 531 848 568 satis
867 536 998 568 tutum
1018 533 1287 570 munientibus

94 593 177 643 pati
189 607 200 642 3
229 593 368 630 deinde
393 594 471 631 iam
495 607 575 631 non
599 608 668 644 pro
693 597 884 633 moenibus
908 597 1020 633 modo
1045 601 1161 646 atque
1184 597 1286 634 turri

93 657 173 694 tela
202 657 354 704 micare,
385 659 453 695 sed
482 660 531 696 ad
562 661 841 710 erumpendum
876 661 992 698 etiam
1025 660 1067 699 in
1096 661 1284 699 stationes

59 742 76 766 9
95 735 285 772 operaque
318 722 488 760 hostium
519 724 671 761 animus
703 729 809 772 erat3
842 726 984 775 quibus
1016 726 1284 763 tumultuariis

94 788 370 824 certaminibus
402 788 506 824 haud
540 788 660 825 ferme
696 790 826 838 plures
860 790 1068 839 Saguntini
1097 791 1285 827 cadebant

43 873 74 890 ιο
95 864 210 900 quam
248 851 369 888 Poeni.
430 852 491 889 Ut
518 865 610 889 vero
641 852 845 890 Hannibal
874 854 967 903 ipse,
1003 854 1095 890 dum
1128 867 1283 892 murum

93 915 288 953 incautius
307 916 421 962 subit,
446 916 649 954 adversum
675 917 803 954 femur
821 919 975 967 tragula
994 919 1166 967 graviter
1185 918 1285 956 ictus

94 980 243 1028 cecidit,
276 984 390 1018 tanta
422 981 523 1018 circa
558 981 652 1031 fuga
685 995 728 1019 ac
760 983 969 1032 trepida-tio
997 983 1086 1029 fuit,
1122 986 1168 1020 ut
1203 996 1284 1020 non

93 1045 262 1082 multum
294 1046 454 1092 abesset,
489 1046 584 1095 quin
618 1059 732 1095 opera
764 1060 807 1083 ac
839 1047 962 1084 vineae
1004 1048 1295 1088 desererentur„

50 1118 74 1156 8
95 1109 255 1152 Obsidio
275 1109 413 1146 deinde
432 1123 500 1159 per
519 1123 658 1159 paucos
674 1111 893 1160 diespmagis
913 1124 1028 1160 quam
1048 1099 1285 1161 oppugnatio
1312 1133 1316 1136 ·

92 1174 180 1221 fuit,
198 1175 290 1211 duan
310 1175 451 1211 vulnus
472 1175 579 1211 ducis
599 1180 799 1217 curaretur
810 1190 820 1224 ,-
850 1189 918 1225 per
939 1177 1043 1225 quod
1067 1181 1220 1226 tempus
1239 1181 1286 1214 ut

93 1234 206 1288 quies
233 1240 488 1277 certaminum
527 1245 619 1286 erat,
655 1241 712 1277 ita
748 1241 796 1277 ab
829 1245 1019 1290 apparatu
1052 1255 1214 1291 operum
1240 1255 1284 1279 ac

60 1329 74 1346 2
93 1304 356 1341 munitionum
379 1305 479 1341 nihil
503 1309 703 1341 cessatum.
762 1305 902 1354 Itaque
922 1305 1048 1344 acrius
1066 1306 1113 1343 de
1131 1306 1284 1356 integro

93 1394 147 1419 and
174 1394 279 1425 pushed
305 1394 358 1418 for-
386 1373 560 1425 coortum
576 1374 634 1406 est
650 1370 806 1416 bellum,
821 1370 1074 1419 pluribusque
1093 1371 1282 1420 partibus,

93 1425 339 1455 wardw‘gorously.
387 1432 456 1469 vix
481 1433 759 1482 accipientibus
779 1433 1011 1482 quibasdam
1037 1434 1280 1484 opemffocis,

59 1519 75 1543 3
93 1496 215 1533 vineae
235 1500 367 1546 coeptae
387 1497 449 1546 agi
469 1497 741 1546 admoverique
765 1497 872 1536 aries.
922 1497 1164 1535 Abundabat
1188 1499 1285 1535 mul-

92 1561 263 1598 titudine
292 1561 494 1598 hominum
523 1562 666 1599 Poenus
681 1575 692 1609 3
725 1561 789 1613 (ad
814 1565 970 1599 centum
998 1562 1284 1612 quinquaginta

59 1644 74 1666 4
93 1626 217 1662 millia
240 1626 420 1663 habuisse
444 1627 487 1662 in
511 1626 628 1663 armis
653 1627 746 1663 satis
777 1627 948 1663 creditur
961 1625 987 1674 3)
1023 1627 1206 1676 oppidani
1234 1628 1284 1665 ad

93 1691 223 1727 omnia
259 1691 406 1727 tuenda
443 1695 561 1740 atque
598 1691 775 1728 obeunda
811 1691 1067 1729 multifariam
1104 1691 1284 1729 distineri

60 1774 75 1798 5
94 1754 207 1804 coepti
224 1759 317 1792 sunt
330 1769 341 1803 ;
371 1768 450 1792 non
469 1755 712 1792 sufficiebant
731 1755 872 1805 itaque.
932 1756 1019 1792 Iam
1043 1755 1285 1793 feriebantur

94 1820 280 1858 arietibus
305 1820 408 1857 muri
432 1824 696 1870 quassataeque
721 1820 854 1857 multae
882 1824 1010 1870 partes
1038 1824 1178 1867 erant3
1205 1833 1285 1858 una

94 1884 385 1921 continentibus
413 1885 536 1921 ruinis
566 1885 783 1922 nudaverat
810 1885 969 1933 urbem3
998 1888 1078 1922 tres
1105 1885 1284 1935 deinceps

93 1953 232 1996 turres,
254 1953 522 1998 quantumque
549 1949 653 1986 inter
681 1962 743 1986 eas
770 1949 874 1986 muri
902 1953 995 1996 erat,
1017 1962 1105 1986 cum
1132 1949 1284 1998 fragore

61 2029 77 2053 6
94 2014 245 2063 ingenti
270 2014 530 2063 prociderunt.
590 2014 757 2063 Captum
787 2013 972 2067 oppidum
998 2026 1043 2050 ea
1069 2012 1185 2050 ruina
1208 2026 1285 2050 ere-

95 2079 275 2115 diderant
303 2078 425 2124 Poeni,
447 2090 533 2127 qua,
553 2078 664 2115 velut
696 2078 731 2114 si
762 2078 909 2127 pariter
937 2081 1122 2127 utrosque
1150 2085 1285 2114 murus

62 2160 78 2185 ⁷
96 2143 267 2190 texisset,
289 2143 346 2180 ita
365 2143 549 2193 utrinque
568 2143 610 2179 in
628 2155 798 2192 pugnam
817 2154 1044 2191 procursum
1062 2144 1131 2178 est.
1169 2140 1284 2178 Nihil

95 2207 361 2245 tumultuariae
392 2221 531 2257 pugnae
568 2207 693 2244 simile
730 2210 823 2253 erat,
859 2206 992 2255 quales
1019 2205 1062 2241 in
1090 2217 1285 2254 oppugna-

96 2272 269 2309 tionibus
302 2272 456 2308 urbium
489 2285 559 2321 per
588 2271 824 2309 occasionem
854 2270 976 2320 partis
1008 2269 1168 2306 alterius
1197 2282 1282 2306 con-
