1455 2454
195 137 243 172 74
713 132 769 167 [A
782 130 859 168 VII

197 246 282 269 men
315 246 472 269 aureum
510 231 635 280 pondo
673 228 955 278 quinquaginta
992 227 1111 272 fieret,
1150 230 1183 261 et
1230 223 1374 260 Iunoni

195 296 457 344 Minervaeque
494 308 542 331 ex
579 297 737 343 argento
775 293 874 329 dona
910 291 1105 336 darentur,
1145 293 1185 326 et
1231 287 1376 326 Iunoni

195 361 333 408 1·‹=gi11ae
361 360 402 395 in
431 359 631 395 Aventino
660 357 880 406 Iunonique
910 356 1070 404 Sospitae
1101 354 1272 391 Lanuvii
1299 365 1376 390 ma-

195 427 337 463 ioribus
360 425 495 462 hostiis
521 425 807 470 sacrificaretur,
830 427 1091 471 matronaeque
1116 421 1280 471 pecunia
1304 419 1376 457 col-

150 501 174 523 15
195 491 284 536 lata,
300 494 487 539 quantum
506 489 677 527 conferre
692 489 828 537 cuique
844 486 1085 524 commodum
1101 488 1211 531 esset,
1228 484 1372 521 donum

196 553 338 590 Iunoni
358 553 496 601 reginae
518 553 557 588 in
578 551 822 588 Aventinum
842 551 995 594 ferrent,
1017 547 1378 596 lectisterniumque

197 615 314 659 fieret,
342 619 381 651 et
410 619 453 650 ut
481 615 669 651 libertinae
699 617 738 650 et
766 613 867 662 ipsae,
900 613 1001 649 unde
1030 611 1204 648 Feroniae
1232 610 1376 647 donum

195 679 360 724 daretur,
396 678 597 726 pecuniam
637 691 705 726 pro
742 678 992 714 facultatibus
1030 677 1108 713 suis
1145 675 1374 713 conferrent.

148 759 175 782 19
196 742 292 778 Haeo
311 741 378 778 ubi
397 742 508 787 facta,
526 742 731 778 decemviri
747 742 886 778 Ardeae
906 742 947 777 in
967 741 1049 778 foro
1069 740 1280 777 maioribus
1294 739 1378 776 hos·

197 807 260 842 tiis
284 806 553 843 sacrificarunt.
615 807 812 843 Postremo
837 807 1042 843 Decembri
1065 805 1142 842 iam
1172 817 1303 841 mense
1329 803 1378 840 ad

195 870 311 907 aedem
333 869 492 907 Saturni
513 871 644 907 Romae
665 871 907 907 immolatum
931 875 998 917 est,
1020 870 1379 918 lectisterniumque

195 934 423 984 imperatum
456 933 544 986 <[et]
575 949 661 972 eum
686 936 828 972 lectum
854 939 1047 972 senatores
1072 933 1312 983 straverunt)
1339 936 1380 970 et

146 1020 177 1036 20
196 999 418 1036 convivium
438 999 645 1047 publicum,
667 1014 708 1036 ac
728 1013 795 1049 per
814 1001 949 1037 urbem
969 999 1192 1036 Saturnalia
1211 998 1314 1036 diem
1335 1011 1379 1035 ac

198 1068 347 1100 noctem
373 1063 545 1110 clamata,
567 1065 804 1113 populusque
833 1078 920 1101 eum
947 1065 1049 1101 diem
1074 1065 1216 1101 festum
1239 1063 1379 1100 habere

198 1140 240 1164 ac
259 1140 409 1164 servare
429 1128 469 1164 in
489 1133 716 1178 perpetuum
737 1130 870 1166 iussus

154 1193 176 1228 2
277 1192 381 1228 Dum
412 1193 541 1229 consu]
573 1194 767 1242 placandis
797 1194 930 1230 Romae
960 1193 1018 1230 dis
1046 1192 1298 1241 habendoque
1326 1190 1379 1228 di-

199 1271 333 1295 Hannibal
368 1271 460 1295 makes
487 1258 587 1294 lectu
635 1259 700 1294 dat
734 1271 898 1306 operam,
940 1257 1139 1294 Hannibal
1187 1257 1380 1306 profectus

198 1301 302 1331 hisway
313 1301 459 1331 withgreat
594 1323 600 1329 .
705 1322 712 1329 .
838 1322 844 1329 .
917 1323 923 1329 .
1137 1322 1144 1329 .
1181 1322 1187 1328 -

196 1331 325 1360 difficulty
341 1332 422 1356 throu
441 1332 458 1355 h
488 1336 535 1359 ex
563 1323 744 1367 hibernis,
782 1335 873 1371 qula
914 1335 991 1358 iam
1021 1322 1259 1358 Flamlmum
1295 1334 1380 1358 con-

197 1362 407 1422 aepussarshesor
434 1369 459 1386 le
486 1387 608 1424 sulem
646 1387 848 1423 Arretium
887 1387 1106 1436 pervenisse
1143 1386 1247 1423 fama
1283 1389 1378 1433 erat,

164 1468 177 1484 2
198 1466 315 1502 quum
362 1453 467 1490 aliud
507 1452 667 1501 longius,
706 1456 875 1488 ceterum
921 1451 1157 1488 commodius
1208 1450 1380 1488 ostende-

198 1522 303 1553 retur
341 1517 425 1562 iter‚
455 1517 670 1565 propiorem
700 1516 804 1552 Viam
832 1529 899 1565 per
936 1516 1116 1565 paludem
1159 1515 1268 1565 petit,
1304 1527 1382 1564 quo

198 1581 339 1617 fluvius
369 1581 501 1617 Arnus
529 1593 596 1629 per
623 1593 685 1616 eos
714 1580 794 1616 dies
822 1581 935 1617 solito
963 1580 1085 1629 magis
1109 1580 1378 1617 inundaverat.

166 1655 180 1678 3
201 1645 396 1694 Hispanos
415 1649 454 1681 et
475 1645 591 1681 Afros
621 1644 676 1693 (id
704 1658 816 1681 omne
835 1645 1011 1682 veterani
1033 1649 1116 1682 erat
1134 1645 1252 1682 robur
1277 1657 1382 1681 exer-

200 1708 314 1757 citus)
357 1709 540 1745 admixtis
579 1709 749 1758 ipsorum
782 1709 1080 1758 impedimentis,
1119 1709 1260 1746 necubi
1297 1722 1382 1746 con-

199 1773 331 1809 sistere
357 1773 496 1810 coactis
524 1773 735 1810 necessaria.
762 1774 809 1810 ad
838 1787 929 1810 usus
957 1774 1143 1821 deessent,
1164 1774 1307 1823 primos
1325 1773 1381 1811 ire

198 1837 336 1884 iussit,
365 1838 474 1886 sequi
494 1837 638 1883 Gallos,
659 1842 704 1874 ut
723 1838 762 1873 id
782 1838 946 1887 agminis
971 1839 1142 1875 medium
1167 1843 1267 1875 esset
1278 1852 1289 1885 ;
1318 1851 1382 1875 no-

167 1910 182 1934 4
202 1902 375 1938 vissimos
405 1903 460 1938 ire
493 1902 641 1951 equites
655 1916 665 1948 3
708 1902 914 1951 Magonem
947 1902 1037 1940 inde
1066 1916 1154 1939 cum
1191 1902 1382 1952 expeditis

200 1965 382 2002 Numidis
402 1979 533 2014 cogere
549 1979 696 2015 agmen,
713 1966 882 2003 maxime
903 1966 1044 2013 Gallos,
1059 1966 1092 2003 si
1107 1966 1220 2003 taedio
1239 1966 1382 2004 laboris

199 2029 394 2078 longaeque
413 2030 496 2075 viae,
517 2033 563 2066 ut
581 2034 639 2066 est
657 2030 784 2067 mollis
809 2031 857 2068 ad
883 2031 975 2068 talia
993 2044 1096 2081 gens,
1118 2031 1383 2069 dilaberentur

167 2109 182 2133 5
199 2098 268 2130 aut
292 2095 553 2141 subsisterent,
575 2094 825 2132 cohibentem.
884 2095 1017 2143 Primi,
1043 2109 1119 2145 qua
1148 2096 1261 2133 modo
1290 2108 1395 2146 prae--

199 2158 301 2194 irent
320 2158 445 2205 duces,
466 2172 533 2208 per
551 2160 729 2208 praealtas
748 2160 858 2197 fluvii
878 2174 920 2197 ac
939 2161 1149 2210 profundas
1167 2161 1381 2210 voragines,

200 2221 329 2259 hausti
358 2236 463 2272 paene
486 2223 577 2260 limo
600 2225 944 2274 immergentesque
971 2238 1020 2272 se,
1042 2229 1174 2263 tamen
1199 2225 1312 2275 signa
1328 2235 1383 2263 se÷
