1403 2438
541 129 709 168 LIBER
747 130 864 168 XXI.
1240 129 1290 167 35

105 233 348 279 stragemque
374 229 579 266 dedissent.
637 229 838 266 Hannibal
866 228 1071 266 consistere
1089 227 1199 276 sigua
1216 225 1289 263 ius·
1305 243 1323 268 9

103 294 182 340 sit3
221 294 419 342 Gallisque
456 294 504 330 ad
535 293 693 330 visenda
723 293 804 330 loca
841 291 1054 342 praemissis,
1087 296 1290 340 postquam

102 357 302 407 comperit,
334 358 540 394 transitum
569 370 613 394 ea
643 370 721 393 non
751 370 841 403 esse,
874 362 998 394 castra
1024 386 1084 410 who
1095 385 1290 416 mmmm!

104 420 209 458 inter
220 421 441 470 confragosa
453 421 581 458 omnia
595 426 873 470 praeruptaque,
882 434 997 470 quam
1026 417 1088 441 ΜΨ
1100 423 1168 447 ⁰9⁰³
1181 417 1251 441 ‘⁰¹⁰⁰

104 485 371 522 extentissima
384 490 509 534 potest
525 485 634 532 valle,
649 485 758 521 locat.
791 485 888 521 Tum
901 498 969 534 per
981 487 1131 523 eosdem
1145 486 1286 533 Gallos,
1307 503 1340 520 ιο

104 549 306 586 haudsane
318 549 485 585 multum
498 549 630 597 lingua
644 549 887 598 moribusque
899 549 1160 596 abhorrentes,
1168 563 1287 600 quum

102 625 145 650 se
171 612 468 649 immiscuissent
496 613 694 661 colloquiis
722 618 1004 659 montanorum,
1036 614 1202 662 edoctus,
1233 614 1288 651 in-

104 676 231 713 terdiu
260 680 412 713 tantum
441 676 607 713 obsideri
627 677 780 722 saltum,
803 681 914 714 nocte
940 677 980 714 in
1006 690 1076 715 sua
1097 691 1288 728 quemque

103 740 223 777 dilabi
253 745 361 786 tecta,
393 741 476 777 luce
502 741 626 789 prima
653 741 773 777 subiit
800 742 981 788 tumulos,
1006 746 1052 778 ut
1078 755 1128 778 ex
1155 751 1287 791 aperto

103 809 221 854 atque
240 804 410 841 interdiu
431 805 508 841 vim
531 818 598 854 per
616 805 811 854 angustias
830 805 1011 847 facturus.
1053 806 1129 844 Die
1148 807 1286 844 deinde
1306 825 1334 842 n

102 869 322 906 simulando
353 869 470 916 aliud,
503 882 616 918 quam
650 869 751 918 quod
789 870 1008 918 parabatur,
1046 874 1284 920 consumpto,

103 946 223 984 quum
247 934 391 978 eodem,
417 946 493 982 quo
515 934 781 979 constiterant,
802 934 883 970 loco
910 939 1035 971 castra
1060 935 1286 972 communis-

103 1003 202 1045 sent,
237 998 304 1035 ubi
333 998 500 1047 primum
535 998 730 1046 degressos
759 998 921 1034 tumulis
951 1002 1153 1036 montanos
1185 1000 1286 1036 laxa-
1306 1014 1336 1031 12

102 1066 237 1112 tasque
266 1062 387 1099 sensit
422 1062 622 1108 custodias,
662 1061 838 1111 pluribus
873 1062 1029 1111 ignibus
1064 1075 1180 1112 quam
1216 1076 1286 1113 pro

101 1138 262 1163 numero
281 1126 522 1163 manentium
544 1126 585 1162 in
611 1126 776 1175 speciem
795 1126 906 1163 factis
925 1126 1286 1177 impedimentisque

100 1202 188 1231 cum
208 1190 338 1240 equite
356 1189 500 1227 relictis
519 1194 559 1227 et
577 1190 746 1226 maxima
764 1194 873 1239 parte
892 1191 1078 1240 peditum,
1099 1192 1179 1240 ipse
1198 1205 1282 1228 cum
1306 1208 1335 1232 13

101 1254 304 1304 expeditis,
343 1254 526 1292 acerrimo
571 1267 722 1304 quoque
767 1255 861 1301 viro,
901 1255 1043 1304 raptim
1089 1256 1286 1305 angustias

101 1318 233 1356 evadit
251 1319 374 1368 iisque
393 1318 486 1368 ipsis
504 1319 676 1365 tumulis,
699 1332 793 1368 quos
812 1320 940 1356 hostes
962 1324 1179 1366 tenuerant,
1201 1333 1286 1357 con-

101 1383 210 1420 sedit.
273 1383 405 1420 Prima
431 1383 569 1419 deinde
594 1383 678 1420 luce
703 1387 829 1420 castra
855 1388 958 1420 mota
976 1387 1016 1421 et
1035 1396 1172 1433 agmen
1200 1384 1284 1421 reli-
1303 1385 1353 1422 33

101 1460 222 1496 quum
254 1447 428 1484 incedere
461 1447 584 1496 coepit.
654 1446 741 1484 Iam
772 1447 946 1485 montani
977 1448 1086 1497 signo
1118 1448 1208 1485 dato
1236 1461 1284 1485 ex
1303 1467 1319 1484 2

101 1510 268 1548 castellis
290 1511 338 1548 ad
364 1511 570 1548 stationem
592 1510 745 1547 solitam
771 1512 1064 1558 conveniebant,
1084 1525 1204 1561 quum
1230 1525 1285 1549 re-

103 1578 219 1624 pente
237 1574 478 1624 conspiciunt
497 1574 603 1620 alios,
624 1587 710 1611 arce
729 1579 914 1624 occupata
931 1588 1010 1622 sua,
1033 1589 1147 1625 super
1169 1580 1286 1625 caput

101 1638 359 1685 imminentes,
379 1638 474 1675 alios
494 1639 558 1674 via
584 1639 748 1675 transire
773 1639 911 1676 hostes.
969 1639 1149 1690 Utraque
1168 1640 1284 1677 simul
1302 1651 1318 1676 3

100 1703 250 1740 obiecta.
276 1715 337 1740 res
359 1703 478 1740 oculis
505 1702 719 1752 animisque
746 1703 961 1741 immobiles
988 1717 1194 1754 parumper
1221 1717 1284 1742 eos

101 1766 264 1815 defixit3
291 1766 438 1813 deinde,
465 1770 511 1803 ut
538 1766 835 1815 trepidationem
861 1767 903 1804 in
925 1768 1112 1817 augustiis
1139 1781 1284 1818 suoque

100 1830 227 1880 ipsum
255 1831 430 1868 tumultu
462 1830 615 1868 misceri
642 1843 779 1879 agmen
810 1832 951 1878 videre,
981 1833 1090 1882 equis
1115 1833 1283 1870 maxime

101 1895 367 1942 consternatis,
387 1895 570 1945 quicquid
588 1895 816 1932 adiecissent
835 1896 908 1945 ipsi
927 1897 1095 1943 terroris,
1117 1897 1210 1934 satis
1235 1897 1289 1934 ad.
1302 1915 1316 1938 ⁴

100 1959 306 2008 perniciem
325 1960 406 1997 fore
424 1959 512 2006 rati,
532 1959 762 1997 transversis
780 1960 942 2009 rupibus
960 1973 1029 2010 per
1046 1961 1159 1998 iuxta
1177 1960 1284 1998 invia

100 2035 146 2060 ac
163 2023 276 2060 devia
299 2024 443 2061 assueti
461 2024 682 2062 decurrunt.
738 2023 837 2060 Tum
856 2036 947 2061 vero
967 2024 1081 2061 simul
1100 2024 1149 2061 ab
1168 2024 1282 2062 hosti-
1302 2038 1316 2062 5

101 2087 185 2134 bus,
206 2087 321 2125 simul
338 2089 387 2125 ab
405 2088 613 2138 iniquitate
631 2088 802 2126 locorum
817 2088 930 2126 Poeni
948 2089 1282 2138 oppugnabantur,

100 2151 264 2201 plusque
290 2152 394 2189 inter
416 2153 528 2203 ipsos,
550 2152 624 2190 sibi
648 2164 800 2201 quoque
825 2152 1019 2198 tendente,
1040 2156 1086 2189 ut
1113 2152 1282 2202 periculo

100 2215 209 2266 prius
237 2217 428 2264 evaderet,
457 2230 573 2268 quam
610 2229 696 2255 cum
730 2216 906 2255 hostibus
935 2216 1157 2255 certaminis
1185 2220 1278 2256 erat,

1059 2293 1169 2333 3—2
