1434 2402
143 207 214 243 118
660 206 808 243 LIVII

92 324 118 347 13
141 304 170 339 F
174 304 369 340 unditores
395 304 661 353 sagittariique
691 308 729 340 et
758 304 994 340 frumentum
1025 304 1211 341 traditum
1242 317 1324 340 cou-

137 368 291 404 sulibus.
353 368 656 417 Quinqueremes
702 368 751 404 ad
798 374 947 405 centum
983 368 1122 416 viqinti
1166 368 1323 404 navium

136 432 304 479 classem,
339 445 423 481 quae
457 446 545 469 cum
581 433 621 469 T.
661 433 826 469 Otacilio
857 437 1090 482 propraetore
1123 433 1163 469 in
1196 432 1326 469 Sicilia

136 501 228 541 erat,
251 497 420 546 quinque
446 502 485 534 et
512 498 650 547 viginti
670 498 822 544 additae,
844 497 1149 547 permissumque
1177 503 1247 544 est,
1269 501 1323 543 ut,

135 561 167 596 si
187 573 207 597 e
229 574 267 597 re
287 562 438 610 publica
459 567 627 599 censeret
647 575 738 608 esse,
760 562 801 598 in
824 562 998 599 Africam
1019 562 1225 599 traiiceret.

68 625 117 662 38
218 626 372 662 Dilectu
398 628 562 675 perfecto
594 628 765 663 consules
792 639 930 675 paucos
961 627 1099 663 morati
1119 626 1212 673 dies,
1233 626 1322 663 dum

104 708 118 724 2
136 690 184 725 ab
217 690 326 726 sociis
359 703 402 726 ac
434 691 588 727 nomine
623 691 761 727 Latino
794 691 970 727 venirent
1004 691 1158 727 milites.
1215 690 1325 734 Tum,

137 769 223 824 212}ng
236 769 316 824 lexffiff
350 755 530 823 l{gebquod
561 768 760 804 nunquam
794 761 908 792 antea
938 755 1081 792 factum
1117 760 1229 801 erat,-
1243 756 1326 792 iure

137 814 399 855 u‘sualsolemnitiesf
427 820 589 856 iurando
619 820 666 855 ab
700 819 866 856 tribunis
898 820 1065 856 militum
1099 821 1225 857 adacti
1259 821 1324 856 mi-

103 903 117 926 3
137 884 223 920 lites
236 897 246 931 3
287 897 374 920 nam
406 885 453 920 ad
486 897 569 920 eam
601 884 702 920 diem
736 884 834 919 nihil
873 888 1012 933 praeter
1044 889 1323 922 sacramentum

137 950 272 995 fuerat,
314 949 419 985 iussu
466 948 665 985 consulum
713 953 970 985 conventuros
1016 962 1140 998 neque
1177 949 1323 986 iniussu

137 1014 316 1060 abituros,
354 1019 393 1050 et
426 1014 492 1050 ubi
529 1013 577 1049 ad
615 1013 892 1050 decuriandum
926 1018 994 1050 aut
1030 1015 1323 1051 centuriandum

136 1078 415 1123 convenissent,
450 1091 519 1114 sua
551 1077 751 1113 voluntate
791 1077 863 1126 ipsi
897 1077 998 1114 inter
1030 1090 1110 1115 sese
1140 1078 1325 1115 decuriati

104 1160 117 1180 ⁴
137 1143 295 1192 equites,
313 1142 522 1179 centuriati
541 1142 688 1191 pedites
708 1143 973 1188 coniurabant,
994 1155 1073 1179 sese
1093 1143 1192 1192 fugae
1211 1147 1327 1193 atque

137 1207 352 1243 formidinis
380 1220 468 1256 ergo
501 1220 579 1243 non
609 1207 782 1243 abituros
815 1220 938 1256 neque
971 1220 1018 1243 ex
1049 1207 1184 1244 ordine
1213 1221 1325 1244 reces-

137 1285 245 1308 suros
266 1272 340 1308 nisi
361 1271 430 1309 teli
449 1271 625 1308 sumendi
651 1276 719 1307 aut
746 1272 900 1320 petendi
923 1269 993 1323 [et]
1015 1276 1084 1308 aut
1104 1273 1229 1309 hostis
1242 1273 1327 1309 feri-

105 1356 119 1380 5
137 1336 227 1373 endi
247 1341 316 1373 aut
335 1336 428 1372 civis
448 1336 627 1372 servandi
659 1348 781 1374 causa.
841 1336 888 1372 Id
914 1350 962 1372 ex
987 1337 1206 1372 voluntario
1226 1336 1328 1373 inter

137 1401 238 1450 ipsos
269 1401 408 1436 foedere
439 1401 486 1436 ad
520 1401 696 1437 tribunos
729 1413 771 1436 ac
803 1400 1014 1449 legitimam
1046 1400 1142 1437 iuris
1173 1401 1325 1437 iurandi

137 1466 377 1508 adaQionem
398 1465 641 1501 translatum.

105 1544 120 1568 6
219 1530 438 1576 Contiones,
474 1529 695 1578 priusquam
725 1530 772 1565 ab
806 1530 899 1566 urbe
928 1529 1036 1579 signa
1065 1535 1324 1577 moverentur,

431 1594 597 1630 consulis
617 1593 805 1630 Varronis
825 1594 956 1630 multae
979 1607 1022 1630 ac
1047 1594 1188 1631 feroces
1206 1594 1326 1640 fuere,

138 1627 194 1651 The
222 1627 291 1651 attin
315 1626 401 1650 words

139 1658 167 1682 ⁰5
208 1665 271 1682 arro
289 1633 335 1681 {re
353 1657 401 1681 f¹¹¹¹
431 1658 708 1704 denuntiantis,
745 1657 889 1694 bellum
921 1658 1144 1695 arcessitum
1180 1659 1221 1694 in
1251 1659 1328 1696 Ita-

210 1695 225 1712 o
257 1688 308 1712 tful
329 1694 402 1711 arro-

138 1689 255 1749 &finge-³⁵
436 1723 523 1759 liam
547 1723 594 1758 ab
614 1722 808 1759 nobilibus
832 1735 1133 1771 mansurumque
1152 1723 1194 1759 in
1212 1723 1327 1761 visce-

106 1801 119 1823 7
139 1789 244 1825 ribus
264 1788 319 1824 rei
338 1787 510 1836 publicae,
532 1787 562 1823 si
585 1787 712 1835 plures
735 1787 871 1822 Fabios
891 1787 1141 1835 imperatores
1156 1787 1325 1834 haberet,

105 1863 119 1888 8
138 1867 188 1900 se,
208 1866 283 1902 quo
304 1853 364 1889 die
385 1852 530 1888 hostem
555 1851 723 1896 vidisset,
747 1852 1016 1900 perfecturum.
1064 1851 1227 1901 Collegae
1246 1852 1328 1889 eius

138 1945 405 1971 Paulusisinadiffe-
436 1916 549 1952 Pauli
581 1929 669 1962 una,
692 1915 814 1964 pridie
836 1928 950 1964 quam
975 1928 1022 1952 ex
1047 1916 1141 1952 urbe
1163 1916 1328 1965 proficis-

137 1976 289 2002 ¹e⁰t¹¹¹⁰⁰d
432 1984 592 2027 celetur,
621 1981 749 2016 contio
778 1980 861 2026 fuit,
885 1980 1011 2016 verior
1039 1993 1153 2029 quam
1182 1981 1328 2030 gratior

139 2045 290 2095 populo,
326 2058 403 2093 qua
436 2045 533 2080 nihil
568 2044 819 2080 inclementer
852 2044 890 2080 in
924 2044 1141 2082 Varronem
1179 2045 1325 2082 dictum

104 2127 119 2152 9
138 2110 213 2146 nisi
232 2110 272 2146 id
293 2109 414 2155 modo,
437 2109 568 2145 mirari
587 2122 637 2154 se,
660 2106 781 2160 [quod
800 2107 862 2160 ne]
893 2109 960 2158 qui
991 2109 1083 2156 dux,
1104 2110 1326 2160 priusquam

138 2179 205 2211 aut
245 2187 356 2210 suum
404 2178 472 2210 aut
519 2173 686 2210 hostium
726 2174 948 2220 exercitum,
988 2174 1157 2210 locorum
1195 2175 1324 2220 situm,

139 2242 336 2286 naturam3
362 2239 525 2287 regionis
558 2242 696 2285 nosset,
729 2238 803 2274 iam
843 2251 945 2274 nunc
982 2243 1135 2286 togatus
1163 2239 1204 2274 in
1235 2239 1327 2275 urbe

93 2321 122 2338 ιο
139 2303 264 2348 sciret,
286 2316 370 2351 quae
395 2303 467 2339 sibi
497 2303 645 2352 agenda
663 2307 812 2339 armato
831 2303 968 2346 forent,
990 2307 1030 2339 et
1053 2303 1155 2339 diem
1174 2315 1328 2353 quoque
