<?xml version="1.0" encoding="UTF-8"?>
<!DOCTYPE html PUBLIC "-//W3C//DTD XHTML 1.0 Transitional//EN"
    "http://www.w3.org/TR/xhtml1/DTD/xhtml1-transitional.dtd">
<html xmlns="http://www.w3.org/1999/xhtml" xml:lang="en" lang="en">
 <head>
  <title>
</title>
<meta http-equiv="Content-Type" content="text/html;charset=utf-8" />
  <meta name='ocr-system' content='tesseract 3.04.00' />
  <meta name='ocr-capabilities' content='ocr_page ocr_carea ocr_par ocr_line ocrx_word'/>
</head>
<body>
  <div class='ocr_page' id='page_1' title='image "./booksxxixxiihann00livyuoft_0168.png"; bbox 0 0 1434 2402; ppageno 0'>
   <div class='ocr_carea' id='block_1_1' title="bbox 151 183 820 226">
    <p class='ocr_par' dir='ltr' id='par_1_1' title="bbox 151 183 820 226">
     <span class='ocr_line' id='line_1_1' title="bbox 151 183 820 226; baseline -0.01 0"><span class='ocrx_word' id='word_1_1' title='bbox 151 190 224 226; x_wconf 79' lang='lat'>102</span> <span class='ocrx_word' id='word_1_2' title='bbox 669 183 820 220; x_wconf 85' lang='lat' dir='ltr'><em>LIVII</em></span> 
     </span>
    </p>
   </div>
   <div class='ocr_carea' id='block_1_2' title="bbox 145 281 1335 590">
    <p class='ocr_par' dir='ltr' id='par_1_2' title="bbox 145 281 1335 590">
     <span class='ocr_line' id='line_1_2' title="bbox 148 281 1330 334; baseline -0.004 -11"><span class='ocrx_word' id='word_1_3' title='bbox 148 287 257 323; x_wconf 73' lang='lat' dir='ltr'>hoste</span> <span class='ocrx_word' id='word_1_4' title='bbox 294 298 439 334; x_wconf 75' lang='lat' dir='ltr'>agrum,</span> <span class='ocrx_word' id='word_1_5' title='bbox 481 284 595 319; x_wconf 79' lang='lat' dir='ltr'>misso</span> <span class='ocrx_word' id='word_1_6' title='bbox 634 283 795 318; x_wconf 71' lang='lat' dir='ltr'>Romam</span> <span class='ocrx_word' id='word_1_7' title='bbox 838 282 985 326; x_wconf 79' lang='lat' dir='ltr'>Quinto</span> <span class='ocrx_word' id='word_1_8' title='bbox 1018 282 1108 329; x_wconf 87' lang='lat' dir='ltr'>filio,</span> <span class='ocrx_word' id='word_1_9' title='bbox 1143 281 1330 329; x_wconf 85' lang='lat' dir='ltr'>vendidit,</span> 
     </span>
     <span class='ocr_line' id='line_1_3' title="bbox 147 346 1132 398; baseline -0.004 -11"><span class='ocrx_word' id='word_1_10' title='bbox 147 351 336 398; x_wconf 86' lang='lat' dir='ltr'>fidemque</span> <span class='ocrx_word' id='word_1_11' title='bbox 355 349 548 398; x_wconf 83' lang='lat' dir='ltr'>publicam</span> <span class='ocrx_word' id='word_1_12' title='bbox 568 346 763 396; x_wconf 86' lang='lat' dir='ltr'>impendio</span> <span class='ocrx_word' id='word_1_13' title='bbox 783 346 936 395; x_wconf 87' lang='lat' dir='ltr'>privato</span> <span class='ocrx_word' id='word_1_14' title='bbox 956 346 1132 383; x_wconf 86' lang='lat' dir='ltr'>exsolvit.</span> 
     </span>
     <span class='ocr_line' id='line_1_4' title="bbox 227 410 1335 461; baseline -0.002 -12"><span class='ocrx_word' id='word_1_15' title='bbox 227 413 426 449; x_wconf 82' lang='lat' dir='ltr'>Hannibal</span> <span class='ocrx_word' id='word_1_16' title='bbox 447 425 516 461; x_wconf 87' lang='lat' dir='ltr'>pro</span> <span class='ocrx_word' id='word_1_17' title='bbox 537 411 719 448; x_wconf 85' lang='lat' dir='ltr'>Gereonii</span> <span class='ocrx_word' id='word_1_18' title='bbox 739 410 938 457; x_wconf 84' lang='lat' dir='ltr'>moenibus,</span> <span class='ocrx_word' id='word_1_19' title='bbox 961 410 1069 447; x_wconf 82' lang='lat' dir='ltr'>cujus</span> <span class='ocrx_word' id='word_1_20' title='bbox 1089 411 1196 447; x_wconf 80' lang='lat' dir='ltr'>urbis</span> <span class='ocrx_word' id='word_1_21' title='bbox 1214 414 1335 460; x_wconf 89' lang='lat' dir='ltr'>captae</span> 
     </span>
     <span class='ocr_line' id='line_1_5' title="bbox 147 475 1333 538; baseline -0.002 -25"><span class='ocrx_word' id='word_1_22' title='bbox 147 509 282 533; x_wconf 76' lang='lat' dir='ltr'>Minucius</span> <span class='ocrx_word' id='word_1_23' title='bbox 336 508 410 538; x_wconf 82' lang='lat' dir='ltr'>gains</span> <span class='ocrx_word' id='word_1_24' title='bbox 437 480 554 525; x_wconf 92' lang='lat' dir='ltr'>atque</span> <span class='ocrx_word' id='word_1_25' title='bbox 582 476 745 512; x_wconf 75' lang='lat' dir='ltr'>incensae</span> <span class='ocrx_word' id='word_1_26' title='bbox 769 476 817 511; x_wconf 89' lang='lat' dir='ltr'>ab</span> <span class='ocrx_word' id='word_1_27' title='bbox 845 488 884 511; x_wconf 88' lang='lat' dir='ltr'>se</span> <span class='ocrx_word' id='word_1_28' title='bbox 907 475 948 511; x_wconf 89' lang='lat' dir='ltr'>in</span> <span class='ocrx_word' id='word_1_29' title='bbox 973 488 1086 516; x_wconf 85' lang='lat' dir='ltr'>usum</span> <span class='ocrx_word' id='word_1_30' title='bbox 1109 475 1333 512; x_wconf 85' lang='lat' dir='ltr'>horreorum</span> 
     </span>
     <span class='ocr_line' id='line_1_6' title="bbox 145 539 1323 590; baseline -0.001 -13"><span class='ocrx_word' id='word_1_31' title='bbox 145 546 218 564; x_wconf 68' lang='lat' dir='ltr'>⁸0¹¹³e</span> <span class='ocrx_word' id='word_1_32' title='bbox 259 539 409 569; x_wconf 80' lang='lat' dir='ltr'>advantage</span> <span class='ocrx_word' id='word_1_33' title='bbox 437 553 559 590; x_wconf 87' lang='lat' dir='ltr'>pauca</span> <span class='ocrx_word' id='word_1_34' title='bbox 587 540 797 589; x_wconf 85' lang='lat' dir='ltr'>reliquerat</span> <span class='ocrx_word' id='word_1_35' title='bbox 829 544 940 585; x_wconf 75' lang='lat' dir='ltr'>tecta,</span> <span class='ocrx_word' id='word_1_36' title='bbox 974 539 1016 575; x_wconf 86' lang='lat' dir='ltr'>in</span> <span class='ocrx_word' id='word_1_37' title='bbox 1053 539 1207 576; x_wconf 79' lang='lat' dir='ltr'>stativis</span> <span class='ocrx_word' id='word_1_38' title='bbox 1239 544 1323 577; x_wconf 89' lang='lat' dir='ltr'>erat</span> 
     </span>
    </p>
   </div>
   <div class='ocr_carea' id='block_1_3' title="bbox 145 570 1334 654">
    <p class='ocr_par' dir='ltr' id='par_1_3' title="bbox 145 570 1334 654">
     <span class='ocr_line' id='line_1_7' title="bbox 145 570 409 594; baseline 0 -1"><span class='ocrx_word' id='word_1_39' title='bbox 145 577 209 594; x_wconf 82' lang='lat' dir='ltr'>over</span> <span class='ocrx_word' id='word_1_40' title='bbox 272 570 409 594; x_wconf 83' lang='lat' dir='ltr'>Hannibal</span> 
     </span>
     <span class='ocr_line' id='line_1_8' title="bbox 146 600 1334 654; baseline 0 -13"><span class='ocrx_word' id='word_1_41' title='bbox 146 602 233 625; x_wconf 44' lang='grc' dir='ltr'>ἨΜΘ</span> <span class='ocrx_word' id='word_1_42' title='bbox 244 600 410 624; x_wconf 65' lang='lat' dir='ltr'>⁸⁰¹d¹⁰¹⁵²²r⁰</span> <span class='ocrx_word' id='word_1_43' title='bbox 439 605 538 641; x_wconf 87' lang='lat' dir='ltr'>Inde</span> <span class='ocrx_word' id='word_1_44' title='bbox 562 605 844 640; x_wconf 81' lang='lat' dir='ltr'>frumentatum</span> <span class='ocrx_word' id='word_1_45' title='bbox 870 604 965 641; x_wconf 88' lang='lat' dir='ltr'>duas</span> <span class='ocrx_word' id='word_1_46' title='bbox 990 604 1184 641; x_wconf 82' lang='lat' dir='ltr'>exercitus</span> <span class='ocrx_word' id='word_1_47' title='bbox 1206 608 1334 654; x_wconf 72' lang='lat' dir='ltr'>partes</span> 
     </span>
    </p>
   </div>
   <div class='ocr_carea' id='block_1_4' title="bbox 78 631 1334 1041">
    <p class='ocr_par' dir='ltr' id='par_1_4' title="bbox 78 631 1334 1041">
     <span class='ocr_line' id='line_1_9' title="bbox 100 631 410 661; baseline -0.003 -6"><span class='ocrx_word' id='word_1_48' title='bbox 100 633 128 649; x_wconf 89' lang='lat'>¹0</span> <span class='ocrx_word' id='word_1_49' title='bbox 144 631 281 661; x_wconf 59' lang='lat' dir='ltr'>disperse-d</span> <span class='ocrx_word' id='word_1_50' title='bbox 298 631 338 655; x_wconf 79' lang='lat' dir='ltr'>for</span> <span class='ocrx_word' id='word_1_51' title='bbox 358 631 410 654; x_wconf 79' lang='lat' dir='ltr'>sor-</span> 
     </span>
     <span class='ocr_line' id='line_1_10' title="bbox 145 668 1332 718; baseline 0 -12"><span class='ocrx_word' id='word_1_52' title='bbox 145 669 199 691; x_wconf 70' lang='lat' dir='ltr'>age.</span> <span class='ocrx_word' id='word_1_53' title='bbox 439 670 644 715; x_wconf 46' lang='lat' dir='ltr'>mittebam</span> <span class='ocrx_word' id='word_1_54' title='bbox 685 681 771 704; x_wconf 87' lang='lat' dir='ltr'>cum</span> <span class='ocrx_word' id='word_1_55' title='bbox 803 669 921 705; x_wconf 88' lang='lat' dir='ltr'>tertia</span> <span class='ocrx_word' id='word_1_56' title='bbox 957 668 1039 718; x_wconf 83' lang='lat' dir='ltr'>ipse</span> <span class='ocrx_word' id='word_1_57' title='bbox 1076 669 1257 718; x_wconf 84' lang='lat' dir='ltr'>expedita</span> <span class='ocrx_word' id='word_1_58' title='bbox 1294 669 1332 705; x_wconf 88' lang='lat' dir='ltr'>in</span> 
     </span>
     <span class='ocr_line' id='line_1_11' title="bbox 145 733 1331 783; baseline -0.003 -10"><span class='ocrx_word' id='word_1_59' title='bbox 145 736 312 773; x_wconf 80' lang='lat' dir='ltr'>statione</span> <span class='ocrx_word' id='word_1_60' title='bbox 338 740 431 781; x_wconf 80' lang='lat' dir='ltr'>erat,</span> <span class='ocrx_word' id='word_1_61' title='bbox 454 734 571 770; x_wconf 86' lang='lat' dir='ltr'>simul</span> <span class='ocrx_word' id='word_1_62' title='bbox 592 734 726 770; x_wconf 77' lang='lat' dir='ltr'>castris</span> <span class='ocrx_word' id='word_1_63' title='bbox 745 733 922 782; x_wconf 84' lang='lat' dir='ltr'>praesidio</span> <span class='ocrx_word' id='word_1_64' title='bbox 942 738 982 770; x_wconf 91' lang='lat' dir='ltr'>et</span> <span class='ocrx_word' id='word_1_65' title='bbox 1001 734 1331 783; x_wconf 73' lang='lat' dir='ltr'>circumspectans,</span> 
     </span>
     <span class='ocr_line' id='line_1_12' title="bbox 78 798 1334 848; baseline -0.001 -12"><span class='ocrx_word' id='word_1_66' title='bbox 78 800 127 836; x_wconf 88' lang='lat'>24</span> <span class='ocrx_word' id='word_1_67' title='bbox 146 801 317 837; x_wconf 82' lang='lat' dir='ltr'>necunde</span> <span class='ocrx_word' id='word_1_68' title='bbox 346 800 514 848; x_wconf 85' lang='lat' dir='ltr'>impetus</span> <span class='ocrx_word' id='word_1_69' title='bbox 545 798 586 834; x_wconf 91' lang='lat' dir='ltr'>in</span> <span class='ocrx_word' id='word_1_70' title='bbox 617 798 917 835; x_wconf 70' lang='lat' dir='ltr'>frumentatores</span> <span class='ocrx_word' id='word_1_71' title='bbox 954 798 1073 835; x_wconf 86' lang='lat' dir='ltr'>fieret.</span> <span class='ocrx_word' id='word_1_72' title='bbox 1134 798 1334 836; x_wconf 85' lang='lat' dir='ltr'>Romanus</span> 
     </span>
     <span class='ocr_line' id='line_1_13' title="bbox 146 863 1334 912; baseline -0.001 -12"><span class='ocrx_word' id='word_1_73' title='bbox 146 869 236 900; x_wconf 89' lang='lat' dir='ltr'>tunc</span> <span class='ocrx_word' id='word_1_74' title='bbox 265 864 456 901; x_wconf 81' lang='lat' dir='ltr'>exercitus</span> <span class='ocrx_word' id='word_1_75' title='bbox 484 863 526 899; x_wconf 88' lang='lat' dir='ltr'>in</span> <span class='ocrx_word' id='word_1_76' title='bbox 554 876 645 912; x_wconf 85' lang='lat' dir='ltr'>agro</span> <span class='ocrx_word' id='word_1_77' title='bbox 676 863 853 899; x_wconf 87' lang='lat' dir='ltr'>Larinati</span> <span class='ocrx_word' id='word_1_78' title='bbox 879 867 987 910; x_wconf 79' lang='lat' dir='ltr'>erat3</span> <span class='ocrx_word' id='word_1_79' title='bbox 1016 867 1180 912; x_wconf 73' lang='lat' dir='ltr'>praeerat</span> <span class='ocrx_word' id='word_1_80' title='bbox 1205 863 1334 900; x_wconf 89' lang='lat' dir='ltr'>Minu-</span> 
     </span>
     <span class='ocr_line' id='line_1_14' title="bbox 143 927 1331 978; baseline 0 -14"><span class='ocrx_word' id='word_1_81' title='bbox 143 929 224 965; x_wconf 81' lang='lat' dir='ltr'>cius</span> <span class='ocrx_word' id='word_1_82' title='bbox 250 929 433 978; x_wconf 87' lang='lat' dir='ltr'>magister</span> <span class='ocrx_word' id='word_1_83' title='bbox 455 928 641 977; x_wconf 80' lang='lat' dir='ltr'>equitum,</span> <span class='ocrx_word' id='word_1_84' title='bbox 664 928 844 976; x_wconf 85' lang='lat' dir='ltr'>profecto,</span> <span class='ocrx_word' id='word_1_85' title='bbox 867 927 967 964; x_wconf 89' lang='lat' dir='ltr'>sicut</span> <span class='ocrx_word' id='word_1_86' title='bbox 984 932 1075 964; x_wconf 86' lang='lat' dir='ltr'>ante</span> <span class='ocrx_word' id='word_1_87' title='bbox 1095 928 1240 964; x_wconf 87' lang='lat' dir='ltr'>dictum</span> <span class='ocrx_word' id='word_1_88' title='bbox 1261 933 1331 974; x_wconf 85' lang='lat' dir='ltr'>est,</span> 
     </span>
     <span class='ocr_line' id='line_1_15' title="bbox 112 992 1334 1041; baseline -0.001 -11"><span class='ocrx_word' id='word_1_89' title='bbox 112 1015 125 1031; x_wconf 86' lang='lat'>2</span> <span class='ocrx_word' id='word_1_90' title='bbox 143 994 190 1029; x_wconf 88' lang='lat' dir='ltr'>ad</span> <span class='ocrx_word' id='word_1_91' title='bbox 219 994 353 1030; x_wconf 90' lang='lat' dir='ltr'>urbem</span> <span class='ocrx_word' id='word_1_92' title='bbox 382 993 580 1030; x_wconf 73' lang='lat' dir='ltr'>dictatore.</span> <span class='ocrx_word' id='word_1_93' title='bbox 640 992 819 1028; x_wconf 83' lang='lat' dir='ltr'>Ceterum</span> <span class='ocrx_word' id='word_1_94' title='bbox 854 999 990 1039; x_wconf 81' lang='lat' dir='ltr'>castra,</span> <span class='ocrx_word' id='word_1_95' title='bbox 1023 1005 1107 1041; x_wconf 84' lang='lat' dir='ltr'>quae</span> <span class='ocrx_word' id='word_1_96' title='bbox 1135 993 1174 1029; x_wconf 89' lang='lat' dir='ltr'>in</span> <span class='ocrx_word' id='word_1_97' title='bbox 1203 996 1334 1029; x_wconf 83' lang='lat' dir='ltr'>monte</span> 
     </span>
    </p>
   </div>
   <div class='ocr_carea' id='block_1_5' title="bbox 143 1057 1334 1106">
    <p class='ocr_par' dir='ltr' id='par_1_5' title="bbox 143 1057 1334 1106">
     <span class='ocr_line' id='line_1_16' title="bbox 143 1057 1334 1106; baseline -0.001 -12"><span class='ocrx_word' id='word_1_98' title='bbox 143 1058 223 1094; x_wconf 84' lang='lat' dir='ltr'>alto</span> <span class='ocrx_word' id='word_1_99' title='bbox 252 1071 294 1094; x_wconf 90' lang='lat' dir='ltr'>ac</span> <span class='ocrx_word' id='word_1_100' title='bbox 323 1061 409 1094; x_wconf 88' lang='lat' dir='ltr'>tuto</span> <span class='ocrx_word' id='word_1_101' title='bbox 437 1058 520 1094; x_wconf 90' lang='lat' dir='ltr'>loco</span> <span class='ocrx_word' id='word_1_102' title='bbox 549 1057 675 1105; x_wconf 84' lang='lat' dir='ltr'>posita</span> <span class='ocrx_word' id='word_1_103' title='bbox 703 1058 868 1102; x_wconf 77' lang='lat' dir='ltr'>fuerant,</span> <span class='ocrx_word' id='word_1_104' title='bbox 895 1058 971 1093; x_wconf 83' lang='lat' dir='ltr'>iam</span> <span class='ocrx_word' id='word_1_105' title='bbox 995 1058 1036 1093; x_wconf 90' lang='lat' dir='ltr'>in</span> <span class='ocrx_word' id='word_1_106' title='bbox 1056 1057 1216 1106; x_wconf 85' lang='lat' dir='ltr'>planum</span> <span class='ocrx_word' id='word_1_107' title='bbox 1235 1057 1334 1093; x_wconf 88' lang='lat' dir='ltr'>defe-</span> 
     </span>
    </p>
   </div>
   <div class='ocr_carea' id='block_1_6' title="bbox 115 440 129 461">
    <p class='ocr_par' dir='ltr' id='par_1_6' title="bbox 115 440 129 461">
     <span class='ocr_line' id='line_1_17' title="bbox 115 440 129 461; baseline 0 0"><span class='ocrx_word' id='word_1_108' title='bbox 115 440 129 461; x_wconf 77' lang='lat'>9</span> 
     </span>
    </p>
   </div>
   <div class='ocr_carea' id='block_1_7' title="bbox 107 1122 1335 2331">
    <p class='ocr_par' dir='ltr' id='par_1_7' title="bbox 107 1122 1335 2331">
     <span class='ocr_line' id='line_1_18' title="bbox 144 1122 1334 1171; baseline 0 -13"><span class='ocrx_word' id='word_1_109' title='bbox 144 1126 308 1169; x_wconf 82' lang='lat' dir='ltr'>runtur3</span> <span class='ocrx_word' id='word_1_110' title='bbox 335 1122 659 1171; x_wconf 79' lang='lat' dir='ltr'>agitabanturque</span> <span class='ocrx_word' id='word_1_111' title='bbox 689 1135 756 1170; x_wconf 80' lang='lat' dir='ltr'>pro</span> <span class='ocrx_word' id='word_1_112' title='bbox 785 1122 939 1170; x_wconf 78' lang='lat' dir='ltr'>ingenio</span> <span class='ocrx_word' id='word_1_113' title='bbox 968 1122 1074 1158; x_wconf 85' lang='lat' dir='ltr'>ducis</span> <span class='ocrx_word' id='word_1_114' title='bbox 1100 1122 1259 1158; x_wconf 88' lang='lat' dir='ltr'>consilia</span> <span class='ocrx_word' id='word_1_115' title='bbox 1277 1135 1334 1158; x_wconf 86' lang='lat' dir='ltr'>ca-</span> 
     </span>
     <span class='ocr_line' id='line_1_19' title="bbox 143 1185 1334 1236; baseline 0.001 -14"><span class='ocrx_word' id='word_1_116' title='bbox 143 1187 290 1232; x_wconf 84' lang='lat' dir='ltr'>lidiora,</span> <span class='ocrx_word' id='word_1_117' title='bbox 305 1194 351 1224; x_wconf 83' lang='lat' dir='ltr'>ut</span> <span class='ocrx_word' id='word_1_118' title='bbox 363 1187 533 1236; x_wconf 83' lang='lat' dir='ltr'>impetus</span> <span class='ocrx_word' id='word_1_119' title='bbox 546 1190 615 1222; x_wconf 82' lang='lat' dir='ltr'>aut</span> <span class='ocrx_word' id='word_1_120' title='bbox 628 1185 669 1221; x_wconf 86' lang='lat' dir='ltr'>in</span> <span class='ocrx_word' id='word_1_121' title='bbox 687 1187 986 1223; x_wconf 78' lang='lat' dir='ltr'>frumentatores</span> <span class='ocrx_word' id='word_1_122' title='bbox 1016 1187 1165 1235; x_wconf 81' lang='lat' dir='ltr'>palatos</span> <span class='ocrx_word' id='word_1_123' title='bbox 1194 1190 1263 1223; x_wconf 90' lang='lat' dir='ltr'>aut</span> <span class='ocrx_word' id='word_1_124' title='bbox 1291 1187 1334 1222; x_wconf 89' lang='lat' dir='ltr'>in</span> 
     </span>
     <span class='ocr_line' id='line_1_20' title="bbox 112 1250 1335 1299; baseline -0.001 -12"><span class='ocrx_word' id='word_1_125' title='bbox 112 1273 126 1296; x_wconf 84' lang='lat'><strong>3</strong></span> <span class='ocrx_word' id='word_1_126' title='bbox 144 1255 269 1287; x_wconf 85' lang='lat' dir='ltr'>castra</span> <span class='ocrx_word' id='word_1_127' title='bbox 296 1251 429 1287; x_wconf 83' lang='lat' dir='ltr'>relicta</span> <span class='ocrx_word' id='word_1_128' title='bbox 458 1264 544 1287; x_wconf 90' lang='lat' dir='ltr'>cum</span> <span class='ocrx_word' id='word_1_129' title='bbox 570 1251 646 1287; x_wconf 89' lang='lat' dir='ltr'>levi</span> <span class='ocrx_word' id='word_1_130' title='bbox 678 1250 855 1299; x_wconf 84' lang='lat' dir='ltr'>praesidio</span> <span class='ocrx_word' id='word_1_131' title='bbox 885 1251 1003 1287; x_wconf 89' lang='lat' dir='ltr'>fieret.</span> <span class='ocrx_word' id='word_1_132' title='bbox 1063 1250 1147 1287; x_wconf 90' lang='lat' dir='ltr'>Nec</span> <span class='ocrx_word' id='word_1_133' title='bbox 1181 1250 1335 1287; x_wconf 86' lang='lat' dir='ltr'>Hanni-</span> 
     </span>
     <span class='ocr_line' id='line_1_21' title="bbox 146 1315 1331 1359; baseline 0 -8"><span class='ocrx_word' id='word_1_134' title='bbox 146 1315 268 1352; x_wconf 80' lang='lat' dir='ltr'>balem</span> <span class='ocrx_word' id='word_1_135' title='bbox 295 1315 443 1359; x_wconf 85' lang='lat' dir='ltr'>fefellit,</span> <span class='ocrx_word' id='word_1_136' title='bbox 473 1328 560 1351; x_wconf 89' lang='lat' dir='ltr'>cum</span> <span class='ocrx_word' id='word_1_137' title='bbox 589 1315 684 1352; x_wconf 86' lang='lat' dir='ltr'>duce</span> <span class='ocrx_word' id='word_1_138' title='bbox 707 1319 896 1351; x_wconf 87' lang='lat' dir='ltr'>mutatam</span> <span class='ocrx_word' id='word_1_139' title='bbox 924 1328 1003 1352; x_wconf 88' lang='lat' dir='ltr'>esse</span> <span class='ocrx_word' id='word_1_140' title='bbox 1026 1315 1119 1358; x_wconf 86' lang='lat' dir='ltr'>belli</span> <span class='ocrx_word' id='word_1_141' title='bbox 1142 1315 1331 1351; x_wconf 89' lang='lat' dir='ltr'>rationem</span> 
     </span>
     <span class='ocr_line' id='line_1_22' title="bbox 113 1379 1334 1429; baseline 0 -13"><span class='ocrx_word' id='word_1_142' title='bbox 113 1399 126 1420; x_wconf 79' lang='lat'>4</span> <span class='ocrx_word' id='word_1_143' title='bbox 144 1385 183 1416; x_wconf 87' lang='lat' dir='ltr'>et</span> <span class='ocrx_word' id='word_1_144' title='bbox 212 1380 373 1417; x_wconf 85' lang='lat' dir='ltr'>ferocius</span> <span class='ocrx_word' id='word_1_145' title='bbox 397 1393 511 1429; x_wconf 89' lang='lat' dir='ltr'>quam</span> <span class='ocrx_word' id='word_1_146' title='bbox 540 1380 753 1416; x_wconf 81' lang='lat' dir='ltr'>consultius</span> <span class='ocrx_word' id='word_1_147' title='bbox 774 1393 853 1416; x_wconf 91' lang='lat' dir='ltr'>rem</span> <span class='ocrx_word' id='word_1_148' title='bbox 873 1379 1002 1416; x_wconf 83' lang='lat' dir='ltr'>hostes</span> <span class='ocrx_word' id='word_1_149' title='bbox 1021 1383 1222 1429; x_wconf 85' lang='lat' dir='ltr'>gesturos;</span> <span class='ocrx_word' id='word_1_150' title='bbox 1253 1379 1334 1428; x_wconf 86' lang='lat' dir='ltr'>ipse</span> 
     </span>
     <span class='ocr_line' id='line_1_23' title="bbox 143 1443 1334 1493; baseline 0 -13"><span class='ocrx_word' id='word_1_151' title='bbox 143 1449 272 1481; x_wconf 87' lang='lat' dir='ltr'>autem</span> <span class='ocrx_word' id='word_1_152' title='bbox 302 1444 403 1493; x_wconf 89' lang='lat' dir='ltr'>quod</span> <span class='ocrx_word' id='word_1_153' title='bbox 446 1444 605 1480; x_wconf 78' lang='lat' dir='ltr'>minime</span> <span class='ocrx_word' id='word_1_154' title='bbox 633 1444 719 1492; x_wconf 85' lang='lat' dir='ltr'>quis</span> <span class='ocrx_word' id='word_1_155' title='bbox 748 1444 929 1490; x_wconf 87' lang='lat' dir='ltr'>crederet,</span> <span class='ocrx_word' id='word_1_156' title='bbox 958 1456 1080 1493; x_wconf 91' lang='lat' dir='ltr'>quum</span> <span class='ocrx_word' id='word_1_157' title='bbox 1105 1443 1226 1480; x_wconf 86' lang='lat' dir='ltr'>hostis</span> <span class='ocrx_word' id='word_1_158' title='bbox 1251 1449 1334 1493; x_wconf 89' lang='lat' dir='ltr'>pro-</span> 
     </span>
     <span class='ocr_line' id='line_1_24' title="bbox 143 1508 1332 1557; baseline -0.001 -12"><span class='ocrx_word' id='word_1_159' title='bbox 143 1509 230 1557; x_wconf 87' lang='lat' dir='ltr'>pius</span> <span class='ocrx_word' id='word_1_160' title='bbox 249 1512 358 1555; x_wconf 87' lang='lat' dir='ltr'>esset,</span> <span class='ocrx_word' id='word_1_161' title='bbox 380 1509 537 1545; x_wconf 80' lang='lat' dir='ltr'>tertiam</span> <span class='ocrx_word' id='word_1_162' title='bbox 563 1513 713 1557; x_wconf 80' lang='lat' dir='ltr'>partem</span> <span class='ocrx_word' id='word_1_163' title='bbox 733 1508 903 1544; x_wconf 79' lang='lat' dir='ltr'>militum</span> <span class='ocrx_word' id='word_1_164' title='bbox 927 1508 1221 1555; x_wconf 87' lang='lat' dir='ltr'>frumentatum,</span> <span class='ocrx_word' id='word_1_165' title='bbox 1243 1508 1332 1544; x_wconf 87' lang='lat' dir='ltr'>dua-</span> 
     </span>
     <span class='ocr_line' id='line_1_25' title="bbox 112 1573 1330 1622; baseline -0.001 -12"><span class='ocrx_word' id='word_1_166' title='bbox 112 1589 126 1611; x_wconf 83' lang='lat'>5</span> <span class='ocrx_word' id='word_1_167' title='bbox 142 1574 214 1609; x_wconf 85' lang='lat' dir='ltr'>bus</span> <span class='ocrx_word' id='word_1_168' title='bbox 237 1574 279 1609; x_wconf 87' lang='lat' dir='ltr'>in</span> <span class='ocrx_word' id='word_1_169' title='bbox 305 1573 441 1610; x_wconf 83' lang='lat' dir='ltr'>castris</span> <span class='ocrx_word' id='word_1_170' title='bbox 468 1573 640 1618; x_wconf 82' lang='lat' dir='ltr'>retentis,</span> <span class='ocrx_word' id='word_1_171' title='bbox 669 1573 843 1620; x_wconf 80' lang='lat' dir='ltr'>dimisit3</span> <span class='ocrx_word' id='word_1_172' title='bbox 873 1574 964 1609; x_wconf 89' lang='lat' dir='ltr'>dein</span> <span class='ocrx_word' id='word_1_173' title='bbox 987 1578 1113 1609; x_wconf 85' lang='lat' dir='ltr'>castra</span> <span class='ocrx_word' id='word_1_174' title='bbox 1138 1573 1223 1622; x_wconf 80' lang='lat' dir='ltr'>ipsa</span> <span class='ocrx_word' id='word_1_175' title='bbox 1251 1585 1330 1621; x_wconf 87' lang='lat' dir='ltr'>pro·</span> 
     </span>
     <span class='ocr_line' id='line_1_26' title="bbox 142 1637 1330 1686; baseline -0.002 -12"><span class='ocrx_word' id='word_1_176' title='bbox 142 1638 229 1686; x_wconf 86' lang='lat' dir='ltr'>pius</span> <span class='ocrx_word' id='word_1_177' title='bbox 261 1637 410 1674; x_wconf 89' lang='lat' dir='ltr'>hostem</span> <span class='ocrx_word' id='word_1_178' title='bbox 436 1639 569 1683; x_wconf 85' lang='lat' dir='ltr'>movit,</span> <span class='ocrx_word' id='word_1_179' title='bbox 599 1638 674 1673; x_wconf 90' lang='lat' dir='ltr'>duo</span> <span class='ocrx_word' id='word_1_180' title='bbox 703 1638 822 1673; x_wconf 86' lang='lat' dir='ltr'>ferme</span> <span class='ocrx_word' id='word_1_181' title='bbox 850 1651 873 1673; x_wconf 92' lang='lat' dir='ltr'>a</span> <span class='ocrx_word' id='word_1_182' title='bbox 902 1637 1092 1674; x_wconf 79' lang='lat' dir='ltr'>Gereonio</span> <span class='ocrx_word' id='word_1_183' title='bbox 1125 1637 1258 1683; x_wconf 85' lang='lat' dir='ltr'>millia,</span> <span class='ocrx_word' id='word_1_184' title='bbox 1284 1637 1330 1673; x_wconf 75' lang='lat' dir='ltr'>&#39;in</span> 
     </span>
     <span class='ocr_line' id='line_1_27' title="bbox 142 1701 1333 1750; baseline 0 -12"><span class='ocrx_word' id='word_1_185' title='bbox 142 1702 337 1738; x_wconf 88' lang='lat' dir='ltr'>tumulum</span> <span class='ocrx_word' id='word_1_186' title='bbox 371 1702 472 1738; x_wconf 87' lang='lat' dir='ltr'>hosti</span> <span class='ocrx_word' id='word_1_187' title='bbox 507 1707 763 1750; x_wconf 81' lang='lat' dir='ltr'>conspectum,</span> <span class='ocrx_word' id='word_1_188' title='bbox 799 1706 844 1738; x_wconf 88' lang='lat' dir='ltr'>ut</span> <span class='ocrx_word' id='word_1_189' title='bbox 877 1703 1073 1738; x_wconf 87' lang='lat' dir='ltr'>intentum</span> <span class='ocrx_word' id='word_1_190' title='bbox 1106 1701 1222 1738; x_wconf 88' lang='lat' dir='ltr'>sciret</span> <span class='ocrx_word' id='word_1_191' title='bbox 1252 1714 1333 1738; x_wconf 84' lang='lat' dir='ltr'>esse</span> 
     </span>
     <span class='ocr_line' id='line_1_28' title="bbox 111 1766 1333 1815; baseline 0.001 -14"><span class='ocrx_word' id='word_1_192' title='bbox 111 1776 126 1800; x_wconf 86' lang='lat'><strong>6</strong></span> <span class='ocrx_word' id='word_1_193' title='bbox 141 1767 189 1803; x_wconf 87' lang='lat' dir='ltr'>ad</span> <span class='ocrx_word' id='word_1_194' title='bbox 222 1767 531 1813; x_wconf 85' lang='lat' dir='ltr'>frumentatores,</span> <span class='ocrx_word' id='word_1_195' title='bbox 565 1767 597 1802; x_wconf 91' lang='lat' dir='ltr'>si</span> <span class='ocrx_word' id='word_1_196' title='bbox 635 1779 711 1815; x_wconf 89' lang='lat' dir='ltr'>qua</span> <span class='ocrx_word' id='word_1_197' title='bbox 744 1767 802 1802; x_wconf 86' lang='lat' dir='ltr'>vis</span> <span class='ocrx_word' id='word_1_198' title='bbox 835 1767 956 1813; x_wconf 82' lang='lat' dir='ltr'>fieret,</span> <span class='ocrx_word' id='word_1_199' title='bbox 987 1766 1181 1803; x_wconf 88' lang='lat' dir='ltr'>tutandos.</span> <span class='ocrx_word' id='word_1_200' title='bbox 1239 1766 1333 1803; x_wconf 85' lang='lat' dir='ltr'>Pro-</span> 
     </span>
     <span class='ocr_line' id='line_1_29' title="bbox 143 1828 1332 1882; baseline -0.003 -13"><span class='ocrx_word' id='word_1_201' title='bbox 143 1832 229 1882; x_wconf 85' lang='lat' dir='ltr'>pior</span> <span class='ocrx_word' id='word_1_202' title='bbox 258 1832 350 1869; x_wconf 84' lang='lat' dir='ltr'>inde</span> <span class='ocrx_word' id='word_1_203' title='bbox 377 1831 413 1868; x_wconf 91' lang='lat' dir='ltr'>ei</span> <span class='ocrx_word' id='word_1_204' title='bbox 436 1836 553 1879; x_wconf 85' lang='lat' dir='ltr'>atque</span> <span class='ocrx_word' id='word_1_205' title='bbox 572 1831 666 1879; x_wconf 85' lang='lat' dir='ltr'>ipsis</span> <span class='ocrx_word' id='word_1_206' title='bbox 686 1831 890 1867; x_wconf 85' lang='lat' dir='ltr'>imminens</span> <span class='ocrx_word' id='word_1_207' title='bbox 910 1830 1177 1866; x_wconf 83' lang='lat' dir='ltr'>Romanorum</span> <span class='ocrx_word' id='word_1_208' title='bbox 1195 1828 1332 1867; x_wconf 83' lang='lat' dir='ltr'>castris</span> 
     </span>
     <span class='ocr_line' id='line_1_30' title="bbox 142 1894 1331 1944; baseline -0.002 -12"><span class='ocrx_word' id='word_1_209' title='bbox 142 1897 315 1932; x_wconf 65' lang='lat' dir='ltr'>tumuius</span> <span class='ocrx_word' id='word_1_210' title='bbox 342 1896 523 1944; x_wconf 81' lang='lat' dir='ltr'>apparuit</span> <span class='ocrx_word' id='word_1_211' title='bbox 537 1909 547 1941; x_wconf 74' lang='lat'>5</span> <span class='ocrx_word' id='word_1_212' title='bbox 575 1895 623 1930; x_wconf 85' lang='lat' dir='ltr'>ad</span> <span class='ocrx_word' id='word_1_213' title='bbox 653 1908 767 1943; x_wconf 89' lang='lat' dir='ltr'>quem</span> <span class='ocrx_word' id='word_1_214' title='bbox 794 1895 1023 1943; x_wconf 84' lang='lat' dir='ltr'>capiendum</span> <span class='ocrx_word' id='word_1_215' title='bbox 1048 1894 1080 1931; x_wconf 88' lang='lat' dir='ltr'>si</span> <span class='ocrx_word' id='word_1_216' title='bbox 1099 1894 1184 1931; x_wconf 89' lang='lat' dir='ltr'>luce</span> <span class='ocrx_word' id='word_1_217' title='bbox 1203 1894 1331 1943; x_wconf 88' lang='lat' dir='ltr'>palam</span> 
     </span>
     <span class='ocr_line' id='line_1_31' title="bbox 141 1958 1330 2008; baseline -0.002 -12"><span class='ocrx_word' id='word_1_218' title='bbox 141 1961 273 2007; x_wconf 86' lang='lat' dir='ltr'>iretur,</span> <span class='ocrx_word' id='word_1_219' title='bbox 310 1960 401 2008; x_wconf 83' lang='lat' dir='ltr'>quia</span> <span class='ocrx_word' id='word_1_220' title='bbox 434 1960 536 1996; x_wconf 90' lang='lat' dir='ltr'>haud</span> <span class='ocrx_word' id='word_1_221' title='bbox 567 1959 683 1995; x_wconf 85' lang='lat' dir='ltr'>dubie</span> <span class='ocrx_word' id='word_1_222' title='bbox 716 1959 837 1995; x_wconf 83' lang='lat' dir='ltr'>hostis</span> <span class='ocrx_word' id='word_1_223' title='bbox 866 1959 1041 1996; x_wconf 85' lang='lat' dir='ltr'>breviore</span> <span class='ocrx_word' id='word_1_224' title='bbox 1069 1958 1135 1995; x_wconf 87' lang='lat' dir='ltr'>via</span> <span class='ocrx_word' id='word_1_225' title='bbox 1159 1971 1330 2007; x_wconf 85' lang='lat' dir='ltr'>praeven-</span> 
     </span>
     <span class='ocr_line' id='line_1_32' title="bbox 109 2022 1331 2072; baseline -0.001 -11"><span class='ocrx_word' id='word_1_226' title='bbox 109 2039 123 2062; x_wconf 90' lang='lat'>7</span> <span class='ocrx_word' id='word_1_227' title='bbox 140 2029 253 2061; x_wconf 87' lang='lat' dir='ltr'>turus</span> <span class='ocrx_word' id='word_1_228' title='bbox 279 2029 372 2069; x_wconf 76' lang='lat' dir='ltr'>erat,</span> <span class='ocrx_word' id='word_1_229' title='bbox 394 2030 505 2060; x_wconf 77' lang='lat' dir='ltr'>nocte</span> <span class='ocrx_word' id='word_1_230' title='bbox 524 2024 620 2060; x_wconf 85' lang='lat' dir='ltr'>clam</span> <span class='ocrx_word' id='word_1_231' title='bbox 641 2024 748 2060; x_wconf 83' lang='lat' dir='ltr'>missi</span> <span class='ocrx_word' id='word_1_232' title='bbox 769 2024 950 2060; x_wconf 69' lang='lat' dir='ltr'>Numidae</span> <span class='ocrx_word' id='word_1_233' title='bbox 971 2027 1165 2072; x_wconf 85' lang='lat' dir='ltr'>ceperunt.</span> <span class='ocrx_word' id='word_1_234' title='bbox 1224 2022 1331 2067; x_wconf 79' lang='lat' dir='ltr'>Quos</span> 
     </span>
     <span class='ocr_line' id='line_1_33' title="bbox 144 2087 1330 2137; baseline -0.002 -12"><span class='ocrx_word' id='word_1_235' title='bbox 144 2093 320 2125; x_wconf 87' lang='lat' dir='ltr'>tenentes</span> <span class='ocrx_word' id='word_1_236' title='bbox 349 2090 473 2125; x_wconf 89' lang='lat' dir='ltr'>locum</span> <span class='ocrx_word' id='word_1_237' title='bbox 503 2093 724 2137; x_wconf 86' lang='lat' dir='ltr'>contempta</span> <span class='ocrx_word' id='word_1_238' title='bbox 751 2089 946 2137; x_wconf 84' lang='lat' dir='ltr'>paucitate</span> <span class='ocrx_word' id='word_1_239' title='bbox 977 2087 1148 2124; x_wconf 85' lang='lat' dir='ltr'>Romani</span> <span class='ocrx_word' id='word_1_240' title='bbox 1177 2091 1330 2136; x_wconf 86' lang='lat' dir='ltr'>postero</span> 
     </span>
     <span class='ocr_line' id='line_1_34' title="bbox 107 2149 1327 2203; baseline 0 -16"><span class='ocrx_word' id='word_1_241' title='bbox 107 2163 122 2187; x_wconf 82' lang='grc' dir='ltr'>ε</span> <span class='ocrx_word' id='word_1_242' title='bbox 139 2154 201 2190; x_wconf 88' lang='lat' dir='ltr'>die</span> <span class='ocrx_word' id='word_1_243' title='bbox 220 2166 338 2202; x_wconf 87' lang='lat' dir='ltr'>quum</span> <span class='ocrx_word' id='word_1_244' title='bbox 360 2153 594 2199; x_wconf 81' lang='lat' dir='ltr'>deiecissent,</span> <span class='ocrx_word' id='word_1_245' title='bbox 616 2153 690 2202; x_wconf 89' lang='lat' dir='ltr'>ipsi</span> <span class='ocrx_word' id='word_1_246' title='bbox 710 2166 754 2189; x_wconf 87' lang='lat' dir='ltr'>eo</span> <span class='ocrx_word' id='word_1_247' title='bbox 773 2153 1012 2190; x_wconf 88' lang='lat' dir='ltr'>transferunt</span> <span class='ocrx_word' id='word_1_248' title='bbox 1031 2156 1164 2189; x_wconf 85' lang='lat' dir='ltr'>castra.</span> <span class='ocrx_word' id='word_1_249' title='bbox 1214 2149 1327 2203; x_wconf 85' lang='lat' dir='ltr'>[Tum</span> 
     </span>
     <span class='ocr_line' id='line_1_35' title="bbox 143 2215 1328 2268; baseline -0.001 -15"><span class='ocrx_word' id='word_1_250' title='bbox 143 2215 203 2268; x_wconf 90' lang='lat' dir='ltr'>ut]</span> <span class='ocrx_word' id='word_1_251' title='bbox 224 2218 355 2266; x_wconf 82' lang='lat' dir='ltr'>itaque</span> <span class='ocrx_word' id='word_1_252' title='bbox 375 2217 558 2266; x_wconf 84' lang='lat' dir='ltr'>exiguum</span> <span class='ocrx_word' id='word_1_253' title='bbox 585 2217 702 2266; x_wconf 88' lang='lat' dir='ltr'>spatii</span> <span class='ocrx_word' id='word_1_254' title='bbox 729 2217 875 2253; x_wconf 88' lang='lat' dir='ltr'>vallum</span> <span class='ocrx_word' id='word_1_255' title='bbox 900 2230 923 2253; x_wconf 85' lang='lat' dir='ltr'>a</span> <span class='ocrx_word' id='word_1_256' title='bbox 943 2217 1044 2254; x_wconf 83' lang='lat' dir='ltr'>vallo</span> <span class='ocrx_word' id='word_1_257' title='bbox 1063 2217 1208 2262; x_wconf 86' lang='lat' dir='ltr'>aberat,</span> <span class='ocrx_word' id='word_1_258' title='bbox 1229 2220 1269 2252; x_wconf 85' lang='lat' dir='ltr'>et</span> <span class='ocrx_word' id='word_1_259' title='bbox 1287 2216 1328 2253; x_wconf 88' lang='lat' dir='ltr'>id</span> 
     </span>
     <span class='ocr_line' id='line_1_36' title="bbox 141 2280 1325 2331; baseline 0 -14"><span class='ocrx_word' id='word_1_260' title='bbox 141 2282 266 2331; x_wconf 87' lang='lat' dir='ltr'>ipsum</span> <span class='ocrx_word' id='word_1_261' title='bbox 287 2285 412 2318; x_wconf 90' lang='lat' dir='ltr'>totum</span> <span class='ocrx_word' id='word_1_262' title='bbox 434 2295 551 2331; x_wconf 83' lang='lat' dir='ltr'>prope</span> <span class='ocrx_word' id='word_1_263' title='bbox 565 2283 823 2331; x_wconf 78' lang='lat' dir='ltr'>compleverat</span> <span class='ocrx_word' id='word_1_264' title='bbox 845 2282 1022 2319; x_wconf 81' lang='lat' dir='ltr'>Romana</span> <span class='ocrx_word' id='word_1_265' title='bbox 1036 2282 1144 2319; x_wconf 84' lang='lat' dir='ltr'>acies.</span> <span class='ocrx_word' id='word_1_266' title='bbox 1203 2280 1325 2318; x_wconf 82' lang='lat' dir='ltr'>Simul</span> 
     </span>
    </p>
   </div>
  </div>
 </body>
</html>
