1403 2438
478 127 647 164 LIBER
683 127 830 165 XXII.
1200 127 1249 164 79

62 241 128 278 per
146 227 338 277 principes
363 226 611 275 hastatosque
637 239 680 263 ac
701 226 862 273 triarios,
885 239 954 262 nec
977 229 1020 262 ut
1045 238 1113 274 pro
1133 224 1252 274 signis

61 291 317 341 antesignani,
339 295 427 340 post
454 291 563 341 signa
591 291 666 327 alia
695 295 885 340 pugnaret
914 291 1025 335 acies,
1045 303 1114 327 nce
1143 295 1188 326 ut
1211 290 1251 325 in

61 370 132 395 sua
150 356 299 406 legione
319 356 429 392 miles
449 364 518 392 aut
537 356 693 393 cohorte
713 360 783 392 aut
802 356 1002 405 manipulo
1022 361 1121 392 esset
1138 369 1146 401 3
1175 354 1254 391 fors
1272 363 1287 389 8

63 422 318 471 conglobabat
337 426 376 457 et
395 421 549 457 animus
576 433 667 457 suus
694 421 833 469 cuique
859 424 949 456 ante
969 425 1038 456 aut
1057 423 1144 469 post
1163 432 1255 469 pug-

63 486 181 524 nandi
201 486 373 523 ordinem
401 486 529 531 dabat,
553 489 761 534 tantusque
788 485 862 521 fuit
891 485 1003 521 ardor
1023 485 1253 529 animorum,

63 552 157 588 adeo
182 551 359 588 intentus
389 564 526 600 pugnae
552 548 750 602 [animus]‚
773 555 817 586 ut
841 563 928 586 eum
956 554 1103 586 motum
1133 554 1254 595 terrae,

65 617 134 666 qui
152 616 366 652 multarum
385 615 542 651 urbium
570 615 696 651 Italiae
720 627 877 664 magnas
897 618 1024 664 partes
1044 613 1257 663 prostravit

64 681 283 731 avertitque
314 693 427 718 cursu
457 680 610 730 rapidos
639 692 781 725 amnes,
813 692 918 716 mare
946 679 1173 715 fluminibus
1202 678 1256 715 in-

68 747 185 792 vexit,
206 750 358 782 montes
377 746 487 795 lapsu
506 746 656 795 ingenti
677 745 838 793 proruit,
861 757 974 781 nemo
993 743 1254 793 pugnantium

67 811 240 849 senserit.

147 875 238 912 Tres
257 875 376 912 ferme
392 875 504 912 horas
520 879 736 924 pugnatum
758 879 815 911 est
835 878 874 911 et
893 874 1038 923 ubique
1057 873 1258 921 atrociter;
1279 877 1300 913 6

68 953 168 977 (ιιι-οε,
186 940 383 977 consulem
408 944 540 976 tamen
568 940 691 976 acrior
713 939 967 988 infestiorque
995 953 1051 977 The
1073 953 1167 978 consul
1193 952 1260 988 him-

68 1016 199 1053 pugna
217 1008 284 1041 est.
328 1003 425 1040 Eum
443 1008 482 1040 et
499 1004 633 1040 robora
647 1003 820 1040 virorum
840 1016 968 1052 seque-
995 983 1140 1044 {ssffvgffiso
1149 984 1261 1044 iiiiffliitg,
1280 1022 1294 1038 2

71 1069 223 1115 bantur,
245 1073 284 1104 et
306 1067 398 1117 ipse,
421 1080 650 1117 quacunque
677 1068 717 1103 in
747 1071 856 1117 parte
881 1068 1005 1117 premi
1024 1081 1068 1105 ac
1087 1068 1261 1104 laborare

69 1141 241 1172 senserat
254 1147 353 1181 suos,
369 1134 532 1183 impigre
553 1134 701 1170 ferebat
720 1145 841 1181 opem,
856 1133 1126 1182 insignemque
1145 1133 1261 1170 armis

70 1203 110 1236 et
127 1198 256 1236 hostes
276 1211 427 1236 summa
446 1199 487 1234 vi
510 1199 696 1248 petebant
715 1203 754 1235 et
773 1198 986 1235 tuebantur
1006 1198 1119 1244 cives,
1141 1199 1261 1235 donec
1282 1217 1296 1240 3

73 1264 238 1301 Insuber
256 1277 372 1314 eques
399 1264 589 1314 (Ducat-io
606 1276 747 1300 nomen
766 1263 865 1313 erat)
892 1263 988 1300 facie
1008 1276 1159 1312 quoque
1178 1276 1262 1300 nos-

72 1330 195 1367 citans
223 1329 430 1372 consulem,
453 1328 586 1365 “En''
614 1328 744 1377 inquit
775 1328 874 1365 “hic
893 1332 952 1365 est
963 1328 982 1344 ''
1011 1329 1262 1378 popularibus

72 1391 163 1438 suis,
186 1391 289 1440 “qui
316 1391 485 1441 legiones
510 1395 662 1428 nostras
689 1391 828 1428 cecidit
853 1404 1039 1440 agrosque
1069 1396 1107 1428 et
1127 1392 1259 1428 urbem

72 1460 132 1492 est
149 1455 406 1505 depopulatus
419 1469 431 1503 3
460 1456 537 1492 iam
559 1469 628 1505 ego
647 1455 746 1492 hanc
765 1455 964 1492 victimam
984 1455 1162 1493 manibus
1183 1469 1262 1506 per-

73 1524 292 1569 emptorum
311 1520 410 1557 foede
430 1520 572 1557 civium
595 1519 728 1557 dabo.''
780 1520 1033 1570 Subditisque
1052 1520 1263 1559 calcaribus
1282 1544 1295 1566 4

73 1597 172 1634 equo
185 1597 254 1634 per
268 1585 588 1622 confertissimam
599 1585 770 1622 hostium
785 1585 942 1622 turbam
954 1587 1143 1635 impetum
1158 1587 1192 1623 fa
1198 1587 1262 1632 cit,

73 1650 380 1700 obtruncatoque
407 1650 516 1700 prius
544 1650 743 1699 armigero,
765 1650 832 1700 qui
857 1661 905 1687 se<
920 1651 1064 1703 infesto
1088 1651 1264 1688 venienti

73 1714 227 1752 obviam
253 1715 454 1763 obiecerat,
477 1716 673 1752 consulem
699 1716 831 1753 lancea
851 1716 1050 1753 transfixit
1062 1731 1073 1765 3
1101 1717 1265 1766 spoliare

73 1779 294 1829 cupientem
307 1779 435 1817 triarii
448 1780 607 1818 obiectis
621 1781 740 1818 scutis
752 1793 917 1818 arcuere.
968 1781 1123 1831 Magnae
1142 1783 1265 1831 partis
1284 1801 1299 1825 5

73 1844 165 1894 fuga
182 1843 274 1881 inde
291 1843 609 1902 primumrcoepit3
629 1850 668 1882 et
685 1846 763 1882 iam
778 1858 848 1882 nec
868 1845 972 1882 lacus
1000 1879 1046 1903 the
1068 1880 1123 1903 rest
1148 1885 1196 1903 are
1219 1879 1266 1902 cut

73 1921 144 1945 nec
162 1913 312 1947 montes
331 1909 468 1959 pavori
491 1911 697 1947 obstabant
711 1924 722 1958 3
757 1923 824 1959 per
843 1910 973 1947 omnia
1000 1908 1264 1940 downordispersed.

0 1969 60 2021 «ἑῆ
74 1976 159 2028 arta
182 1978 453 2029 praeruptaque
479 1975 590 2011 velut
609 1974 698 2012 caeci
719 1976 903 2022 evadunt,
925 1988 1107 2024 armaque
1132 1979 1172 2012 et
1190 1974 1267 2011 viri
1301 1992 1304 1998 ·

0 2018 190 2087 ‘'2⁶⁹⁰s'1‘iper
208 2038 329 2075 alium
348 2038 416 2076 alii
433 2039 739 2089 praecipitantur.
784 2040 881 2077 Pars
899 2052 1049 2089 magna,
1071 2039 1140 2076 ubi
1159 2039 1266 2077 locus
1286 2053 1301 2077 6

75 2101 174 2151 fugae
208 2102 326 2149 deest,
349 2116 431 2152 'per
463 2104 589 2153 prima
623 2105 722 2141 vada
752 2105 902 2154 paludis
935 2105 978 2141 in
1011 2118 1151 2154 aquam
1181 2117 1267 2155 pro-

74 2166 208 2216 gressi,
222 2167 350 2217 quoad
361 2168 554 2218 capitibus
564 2169 807 2219 humerisque
822 2174 975 2207 exstare
994 2173 1168 2220 possunt,
1185 2181 1266 2207 sese

76 2231 331 2282 immergunt3
353 2233 472 2279 fluere,
495 2246 590 2284 quos
604 2235 846 2271 inconsultus
861 2247 981 2284 pavor
999 2235 1128 2272 nando
1148 2235 1265 2272 etiam
