1434 2402
181 127 254 164 142
697 122 849 162 LIVII

142 237 158 261 ⁶
177 227 397 263 Romanum
425 223 590 259 militem
617 225 772 267 restare,
796 224 891 257 tunc
919 220 1075 257 demum
1102 219 1206 269 pacti
1234 232 1366 258 sumus

174 290 353 339 pretium,
379 300 455 336 quo
483 286 673 335 redempti
701 286 998 331 dimitteremur,
1025 297 1132 320 arma
1156 284 1198 321 in
1223 284 1365 334 quibus

143 363 157 386 7
174 352 272 388 nihil
292 352 367 387 iam
387 349 526 386 auxilii
546 353 639 394 erat,
660 348 762 385 hosti
786 348 1027 384 tradidimus.
1087 346 1254 384 Maiores
1273 360 1365 397 quo-

173 427 246 464 que
271 426 536 463 acceperamus
560 426 599 450 se
619 426 641 449 a
661 413 784 450 Gallis
808 424 902 448 auro
927 411 1145 457 redemisse,
1171 414 1212 448 et
1233 415 1364 460 patres

175 483 328 524 vestros,
359 478 588 527 asperrimos
615 477 702 514 illos
731 477 779 513 ad
810 476 1051 513 condiciones
1080 475 1193 523 pacis,
1217 475 1363 524 legatos

169 545 301 578 tamen
341 541 583 590 captivorum
624 540 935 576 redimendorum
979 539 1104 588 gratia
1149 538 1362 576 Tarentum

137 619 152 644 a
169 605 325 641 misisse.
382 605 511 653 Atqui
537 609 576 641 et
604 604 652 640 ad
672 604 804 640 Aliam
835 616 922 639 cum
942 602 1065 639 Gallis
1090 606 1131 638 et
1157 601 1206 639 ad
1233 601 1360 640 Hera-

168 671 287 707 cleam
321 683 409 706 cum
442 670 595 718 Pyrrho
628 675 794 717 utraque
826 681 905 704 non
941 671 1021 703 tam
1060 666 1167 703 clade
1202 666 1359 704 infamis

167 747 282 783 quam
306 746 446 783 pavore
476 738 515 770 et
537 735 628 782 fuga
655 746 785 782 pugna
811 732 900 769 fuit.
959 731 1180 769 Cannenses
1204 743 1358 779 campos

165 798 294 835 acervi
323 798 588 834 Romanorum
616 810 818 846 corporum
844 799 992 845 tegunt,
1014 808 1084 832 nec
1109 807 1358 844 supersumus

164 874 314 911 pugnae,
343 861 420 897 nisi
448 861 490 897 in
518 861 658 910 quibus
686 860 925 897 trucidandis
953 864 992 896 et
1013 859 1161 896 ferrum
1185 862 1226 896 et
1252 859 1356 897 vires

131 944 148 969 9
164 925 310 962 hostem
332 926 564 962 defecerunt.
610 925 712 962 Sunt
730 925 848 962 etiam
868 925 914 962 de
933 925 1076 961 nostris
1097 924 1264 973 quidam,
1286 924 1355 974 qui

163 1002 211 1026 ne
230 990 272 1026 in
291 990 369 1027 acie
390 991 545 1039 quidem
565 990 735 1035 fuerunt,
756 990 822 1027 sed
848 989 1026 1038 praesidio
1053 988 1190 1026 castris
1215 989 1352 1036 relicti,

161 1065 282 1101 quum
311 1057 436 1090 castra
468 1053 724 1099 traderentur,
754 1053 796 1089 in
833 1056 1063 1102 potestatem
1093 1051 1264 1088 hostium
1292 1065 1353 1089 ve-

114 1139 144 1155 ιο
160 1120 314 1155 nerunt.
373 1117 495 1154 Haud
525 1117 702 1166 equidem
731 1117 852 1154 ullius
879 1117 976 1154 civis
1005 1120 1044 1153 et
1077 1116 1352 1155 commilitonis

159 1180 326 1217 fortunae
353 1185 422 1217 aut
454 1181 670 1217 condicioni
697 1180 864 1227 invideo,
895 1193 965 1216 nec
992 1179 1201 1229 premendo
1229 1180 1351 1217 alium

157 1257 220 1281 nie
252 1245 437 1282 extulisse
467 1246 609 1282 velim:
639 1258 687 1282 ne
718 1245 778 1281 illi
806 1245 972 1294 quidem,
1002 1244 1078 1280 nisi
1108 1244 1350 1292 pernicitatis

157 1308 299 1356 pedum
329 1312 368 1344 et
398 1321 531 1345 cursus
559 1309 716 1357 aliquod
745 1309 948 1357 praemium
976 1312 1045 1354 est,
1076 1308 1144 1356 qui
1174 1307 1349 1358 plerique

155 1371 321 1408 inermes
341 1385 389 1409 ex
408 1373 488 1409 acie
508 1373 700 1421 fugientes
719 1385 798 1408 non
817 1372 925 1421 prius
945 1384 1062 1420 quam
1073 1372 1259 1409 Venusiae
1279 1376 1349 1410 aut

156 1436 315 1474 Canusii
334 1438 602 1483 constiterunt,
625 1450 664 1474 se
683 1437 793 1474 nobis
812 1438 951 1474 merito
971 1436 1215 1486 praetulerint
1232 1436 1346 1485 glori-

153 1500 284 1550 atique
307 1502 396 1548 sint,
424 1502 465 1538 in
494 1515 532 1539 se
552 1503 639 1552 plus
665 1515 782 1551 quam
809 1503 852 1539 in
879 1503 1073 1540 nobismet
1093 1501 1263 1552 praesidii
1289 1501 1346 1539 rei

105 1583 132 1600 11
152 1565 314 1614 publicae
340 1579 430 1605 esse.
481 1566 556 1604 Sed
584 1571 623 1603 et
651 1566 730 1604 illis
757 1567 868 1604 bonis
891 1580 935 1604 ac
959 1568 1124 1604 fortibus
1152 1566 1345 1604 militibus

152 1629 317 1665 utemini
336 1633 375 1666 et
394 1630 504 1666 nobis
523 1630 641 1666 etiam
671 1630 973 1679 promptioribus
991 1643 1061 1679 pro
1080 1630 1217 1679 patria,
1239 1630 1344 1680 quod

150 1691 333 1729 beneficio
361 1698 490 1730 vestro
521 1693 713 1742 redempti
745 1697 861 1743 atque
893 1695 934 1730 in
967 1694 1135 1743 patriam
1167 1695 1343 1733 restituti

103 1777 134 1794 η
149 1755 346 1793 fuerimus.
396 1756 594 1793 Dilectum
614 1769 663 1793 ex
682 1757 789 1794 omni
803 1761 917 1795 aetate
937 1762 976 1794 et
995 1758 1152 1795 fortuna
1169 1759 1342 1807 habetis3

149 1823 234 1856 octo
261 1821 385 1858 millia
413 1834 614 1858 servorum
643 1822 760 1859 audio
787 1823 939 1860 armari.
999 1823 1092 1860 Non
1119 1823 1248 1860 minor
1271 1837 1341 1860 nu-

147 1895 276 1921 merus
303 1889 434 1922 noster
461 1890 530 1933 est,
551 1899 621 1922 nec
645 1887 790 1923 maiore
817 1887 942 1936 pretio
967 1887 1105 1924 redimi
1123 1900 1337 1937 possumus,

147 1961 263 1998 quam
282 1950 312 1986 ii
331 1955 516 1988 emuntur
527 1965 538 1999 3
564 1965 655 1988 narn
674 1951 707 1988 si
726 1952 917 1990 conferam
938 1966 1007 1990 nos
1026 1966 1113 1989 cum
1133 1953 1223 1999 illis,
1239 1953 1338 1990 iniu-

100 2033 130 2056 13
147 2015 244 2051 riam
263 2015 412 2052 nomini
432 2016 610 2057 Romano
632 2015 779 2052 faciam.
837 2016 944 2054 Illud
963 2017 1081 2054 etiam
1100 2017 1142 2053 in
1160 2017 1232 2054 tali
1250 2030 1338 2054 con·

146 2079 232 2115 silio
247 2080 633 2117 animadvertendum
649 2081 757 2118 vobis
769 2094 954 2129 censeam,
971 2086 1100 2131 patres
1115 2081 1333 2130 conscripti,

145 2143 179 2179 si
200 2143 278 2179 iam
307 2144 480 2181 duriores
507 2157 587 2181 esse
610 2145 749 2192 velitis,
778 2146 880 2195 quod
903 2146 1012 2183 nullo
1039 2149 1172 2183 nostro
1195 2145 1335 2182 merito

102 2225 126 2250 14
145 2206 304 2255 faciatis,
325 2208 388 2244 cui
406 2220 475 2245 nos
494 2208 597 2245 hosti
617 2208 789 2245 relicturi
813 2209 907 2246 sitis.
969 2209 1121 2259 Pyrrho
1139 2208 1330 2256 videlicet,
